2846 3826
1368 156 1441 208 VI

182 293 315 338 modo
345 300 391 337 et
419 299 649 351 tantopere
676 290 890 349 corruptis
920 289 1037 334 libris
1066 289 1318 333 Mavortium
1347 296 1472 333 sexto
1502 304 1545 347 p.
1563 285 1659 332 Chr.
1677 303 1718 332 n.
1735 286 1911 332 saeculo
1939 300 2067 332 usum
2090 300 2189 332 esse
2213 286 2268 331 ad
2290 284 2613 331 emendandum

186 363 429 414 Horatium,
464 362 537 421 qui
575 359 880 405 vocabulorum
923 359 1099 419 quidem
1140 359 1238 402 vitia
1277 360 1553 409 correxisset,
1595 357 1950 416 interpolationes
1990 364 2137 401 antem
2173 357 2268 415 ipse
2308 356 2485 401 omuino
2522 369 2612 401 non

185 432 484 492 perspexisset
513 439 556 476 et
585 444 752 481 omnes,
789 431 863 488 qui
892 428 1099 487 deinceps
1129 428 1426 473 recensionem
1456 426 1763 477 adhibuissent,
1791 426 1833 469 in
1864 439 2015 483 parem
2045 439 2238 472 errorem
2266 425 2528 471 adduxisset.
2556 449 2613 460 -

186 503 279 548 Hoc
322 502 456 547 modo
500 505 772 545 enumeratas
815 499 1082 557 corruptelas
1126 498 1241 541 bona
1281 497 1368 542 fide
1407 496 1772 555 corrumpentium
1813 503 1929 538 ortas
1968 510 2090 549 esse;
2130 497 2210 541 sed
2249 496 2381 540 fuisse
2420 509 2612 554 quoque,

183 574 325 632 pergit
353 575 411 622 P.,
448 572 519 629 qui
558 570 734 613 Horatio
777 583 857 626 per
894 570 1042 612 dolum
1082 582 1261 626 operam
1302 568 1476 621 darent;
1520 580 1762 625 eorumque
1793 564 2165 610 fraudulentorum
2195 565 2417 610 hominum
2446 564 2608 624 duplex

184 656 324 701 genus
363 641 493 686 fuisse
534 647 577 683 et
616 645 865 696 poetarum,
906 638 978 696 qui
1018 651 1094 682 sua
1124 637 1360 681 Horatianis
1390 635 1648 682 carminibus
1679 635 1966 679 immiscerent
1994 641 2042 678 ut
2071 635 2164 679 eius
2195 635 2372 685 nomine
2402 648 2609 679 vanorum

185 713 418 756 carminum
449 709 571 769 quasi
599 708 723 752 titulo
742 716 786 752 et
804 707 1018 766 praesidio
1049 714 1272 750 uterentur
1290 714 1333 750 et
1349 706 1681 765 bibliopolarum
1708 705 1779 765 qui
1802 718 1901 748 cum
1927 704 2119 747 omnium
2136 705 2327 749 studium
2344 712 2462 750 esset
2479 717 2608 764 quam

186 782 387 840 plurimas
418 779 575 824 habere
604 778 763 822 Horatii
795 778 920 827 odas,
959 776 1220 835 exemplaria
1249 775 1397 820 alienis
1428 776 1688 820 carminibus
1718 776 1862 834 augeri
1892 781 2091 818 curarent
2118 782 2329 834 auctaque
2359 776 2607 820 venderent.

405 850 581 892 Praeter
607 847 683 891 has
714 860 878 895 causas,
917 860 1030 905 quae
1064 860 1118 890 ex
1149 846 1251 903 ipsis
1281 846 1438 890 Horatii
1469 846 1726 890 carminibus
1756 859 1781 889 e
1812 852 2010 902 tempore
2043 857 2067 887 e
2096 857 2242 888 rerum
2273 853 2422 890 natura
2451 845 2605 890 deduci

188 926 382 979 possunt,
414 926 609 963 veterum
641 917 728 961 duo
757 916 1000 961 testimonia
1030 916 1153 959 affert
1183 916 1236 959 ad
1269 915 1566 973 explicandam
1597 923 1640 959 et
1670 914 1936 973 probandam
1967 927 2088 958 suam
2120 913 2175 957 de
2205 913 2607 974 interpolationibus

185 990 461 1040 sententiam;
505 1003 639 1032 unum
684 988 790 1031 illud
837 987 1144 1031 Suetonianum
1193 994 1425 1035 „venerunt
1463 986 1504 1029 in
1545 1001 1697 1030 manus
1735 1000 1852 1030 meas
1890 992 1933 1029 et
1971 983 2108 1042 elegie
2147 982 2229 1028 sub
2268 985 2361 1029 eius
2401 985 2524 1030 titulo
2563 992 2607 1030 et

186 1059 367 1118 epistola
407 1071 537 1116 prosa
574 1057 769 1101 oratione
811 1056 931 1115 quasi
971 1055 1315 1100 commendantis
1355 1069 1403 1099 se
1444 1056 1703 1109 Maecenati,
1738 1055 1816 1099 sed
1856 1062 2039 1113 utraque
2077 1053 2181 1098 falsa
2219 1062 2339 1112 puto,
2369 1069 2465 1099 nam
2496 1055 2606 1115 elegi

187 1130 393 1188 vulgares,
421 1127 605 1185 epistola
637 1126 832 1174 obscura,
863 1140 950 1184 quo
981 1125 1081 1168 vitio
1120 1125 1293 1169 minime
1333 1125 1582 1169 tenebatur“
1622 1125 1800 1168 alterum
1838 1124 2094 1167 Plinianum:
2154 1123 2332 1173 „Paulus
2374 1138 2514 1183 nuper
2550 1125 2605 1169 ad

186 1199 316 1258 lyrica
346 1196 539 1241 deflexit:
570 1197 610 1238 in
643 1195 799 1254 quibus
829 1196 884 1238 ita
914 1196 1131 1238 Horatium
1164 1205 1209 1238 ut
1237 1196 1278 1237 in
1311 1195 1389 1238 illis
1418 1195 1535 1237 illum
1567 1195 1746 1237 alterum
1776 1192 1975 1251 effingit“‚
2005 1193 2161 1252 quibus
2193 1194 2445 1238 testimoniis
2471 1208 2606 1253 quan-

184 1275 273 1309 tum
306 1265 580 1309 tribuendum
612 1264 664 1308 sit
693 1264 957 1308 auctoritatis
988 1264 1094 1307 infra
1126 1263 1374 1308 videbimus.
1407 1290 1458 1296 —

407 1334 479 1378 His
510 1333 634 1392 igitur
663 1340 706 1378 et
736 1333 958 1392 ingeniose
990 1333 1172 1377 inventis
1202 1340 1245 1377 et
1274 1332 1501 1377 artificiose
1532 1332 1780 1391 excogitatis
1812 1340 1852 1375 et
1884 1332 2107 1391 diligenter
2127 1345 2152 1375 e
2172 1331 2362 1376 tenebris
2387 1331 2442 1375 ad
2463 1332 2603 1375 lucem

186 1404 404 1463 productis
443 1403 583 1448 causis
621 1403 787 1446 Peerlk.
818 1402 871 1445 ad
913 1403 955 1446 id
995 1402 1200 1461 abreptus
1239 1410 1316 1455 est,
1344 1406 1399 1444 'ut
1440 1415 1543 1445 suae
1583 1402 1638 1444 de
1678 1409 1768 1445 arte
1807 1402 1949 1445 critica
1990 1402 2179 1459 opinioni
2218 1402 2351 1459 magis
2380 1402 2601 1460 magisque

185 1475 435 1531 indulgeret.
494 1475 600 1515 Nam
630 1486 728 1515 cum
757 1487 911 1529 magna
941 1473 1020 1519 illa,
1051 1486 1178 1528 quam
1210 1472 1423 1515 tribuebat
1453 1487 1533 1515 suo
1564 1471 1719 1515 iudicio
1740 1480 1784 1515 et
1804 1471 1991 1522 arbitrio,
2016 1472 2247 1516 auctoritas
2269 1471 2310 1514 in
2333 1470 2602 1515 diiudicanda

182 1544 385 1586 orationis
416 1551 640 1586 venustate
671 1551 713 1585 et
742 1541 1036 1586 discernendis
1068 1542 1178 1586 veris
1209 1551 1248 1585 et
1282 1541 1417 1587 falsis,
1456 1541 1496 1584 in
1540 1540 1607 1584 illa
1646 1540 1702 1585 de
1743 1538 2144 1598 interpolationibus
2182 1539 2374 1585 doctrina
2404 1553 2604 1599 campum

183 1620 226 1657 et
255 1612 508 1671 palaestram
539 1619 737 1657 assecuta
767 1619 895 1662 esset,
936 1611 1098 1655 nullum
1130 1610 1292 1656 obstitit
1322 1610 1691 1669 impedimentum,
1734 1610 1964 1670 quominus
1995 1610 2288 1670 quodcunque
2317 1609 2604 1654 consideranti

184 1691 225 1725 et
264 1682 558 1740 interpretanti
596 1682 781 1740 aliquam
821 1682 1131 1725 dubitationem
1173 1681 1344 1724 afferret
1381 1681 1532 1724 falsum
1575 1681 1807 1723 haberetur
1845 1689 1888 1723 et
1926 1679 2008 1723 sub
2055 1680 2431 1737 interpolationum
2478 1680 2601 1725 titulo

181 1752 354 1795 Horatio
385 1751 678 1808 abrogaretur.
738 1752 831 1803 Qua
863 1752 903 1794 in
935 1768 980 1795 re
1010 1752 1123 1796 haud
1152 1752 1241 1796 scio
1274 1766 1386 1809 quae
1415 1765 1541 1795 causa
1564 1750 1747 1795 maiores
1775 1748 1965 1795 effecerit
1983 1763 2174 1804 errores;
2204 1749 2271 1795 illa
2292 1749 2346 1795 de
2366 1750 2600 1796 carminum

182 1820 289 1864 vitiis
321 1820 468 1878 opinio
497 1835 549 1864 an
581 1820 841 1879 simulatque
871 1827 956 1864 tam
988 1821 1217 1865 artificiose
1249 1820 1486 1876 excogitata
1518 1827 1594 1869 est,
1626 1819 1680 1864 de
1710 1818 2108 1877 interpolatianibus
2139 1819 2345 1864 doctrina.
2377 1844 2429 1854 -

408 1891 491 1934 lam
523 1905 627 1935 vero
658 1898 851 1935 nostrum
888 1898 954 1934 est
985 1891 1296 1942 demonstrare,
1323 1891 1663 1949 Peerlkampium
1685 1904 1731 1934 re
1753 1904 1852 1935 vera
1876 1890 1917 1933 in
1942 1903 2020 1934 eos
2050 1904 2234 1941 errores,
2263 1905 2447 1950 quorum
2467 1890 2600 1935 modo

186 1960 447 2003 mentionem
479 1959 670 2010 fecimus,
699 1960 920 2004 incidisse:
951 1962 1009 2003 Ac
1039 1961 1220 2017 primum
1252 1961 1428 2019 quidem
1460 1961 1748 2019 impugnanda
1778 1961 1865 2023 erit
1885 1961 1952 2003 illa
1973 1960 2256 2018 Peerlkampii
2279 1960 2438 2017 opinio,
2466 1961 2599 2004 multa

184 2030 326 2073 inesse
356 2029 397 2071 in
428 2030 584 2072 Horatii
615 2029 731 2073 libris
761 2030 948 2073 carmina
978 2038 1042 2072 tot
1074 2038 1116 2073 et
1145 2038 1229 2073 tam
1266 2030 1464 2088 gravibus
1505 2031 1722 2088 inquinata
1761 2029 1977 2079 versibus,
2016 2038 2063 2073 ut
2099 2044 2243 2088 neque
2278 2030 2601 2088 interpretando

184 2114 328 2157 neque
370 2099 625 2157 corrigendo
663 2100 751 2143 tolli
792 2099 981 2157 possint.
1021 2109 1063 2144 et
1102 2116 1199 2144 cum
1236 2116 1412 2145 sensum
1445 2100 1618 2145 omnino
1648 2115 1734 2145 non
1765 2099 2001 2159 praebeant
2022 2099 2196 2145 Horatio
2216 2099 2389 2159 indigna
2411 2100 2601 2159 putanda

183 2169 371 2226 ideoque
418 2169 610 2213 eicienda
654 2169 748 2214 sint.
819 2170 956 2222 Quam
995 2170 1250 2213 sententiam
1291 2184 1388 2213 cum
1428 2178 1596 2214 constet
1635 2171 1689 2213 ita
1725 2178 1887 2214 tantum
1928 2170 2103 2214 refutari
2142 2183 2276 2227 posse
2314 2177 2360 2212 ut
2400 2169 2600 2214 omnibus

182 2238 449 2296 perlustratis
479 2246 524 2282 et
553 2237 772 2296 explicatis
796 2238 952 2282 Horatii
985 2238 1100 2282 libris
1132 2239 1361 2298 unicuique
1392 2240 1564 2283 carmini
1595 2253 1769 2283 sensum
1799 2240 2077 2299 eundemque
2097 2240 2274 2283 Horatio
2305 2239 2599 2298 dignissimum

181 2309 322 2351 inesse
365 2308 652 2358 demonstres,
690 2308 815 2351 nobis
853 2316 995 2351 autem
1036 2316 1151 2351 tanta
1192 2309 1424 2365 disputatio
1464 2309 1670 2366 temporis
1709 2309 1918 2353 brevitate
1959 2324 2046 2353 non
2086 2323 2292 2353 concessa
2327 2310 2393 2359 sit,
2433 2310 2473 2352 in
2510 2323 2599 2355 uno

183 2378 372 2421 alterove
415 2378 625 2427 carmine,
666 2391 691 2420 a
721 2377 1005 2437 Peerlkampo
1048 2378 1326 2423 vehementer
1356 2378 1644 2422 condemnato
1675 2387 1717 2423 et
1748 2379 1989 2430 decurtato,
2029 2379 2147 2438 quod
2178 2378 2443 2424 tractandum
2474 2376 2600 2422 nobis

181 2448 489 2505 proposuimus
509 2461 673 2496 verum,
705 2453 748 2490 et
772 2446 948 2504 dignum
979 2462 1154 2492 sensum
1185 2448 1328 2492 inesse
1358 2455 1551 2492 extrema
1581 2447 1658 2491 hac
1679 2449 2038 2493 commentatione
2060 2448 2248 2506 probare
2268 2447 2530 2492 conabimur.
2547 2471 2599 2479 -

183 2518 319 2561 Unum
351 2517 526 2576 quidem
557 2517 635 2562 hac
665 2516 705 2561 in
738 2532 783 2561 re
814 2518 1314 2572 commemoraverimus3
1360 2517 1563 2578 quoniam
1603 2518 1716 2563 enim
1747 2519 1790 2563 P.
1821 2533 1867 2564 se
1897 2526 2129 2579 propterea
2158 2518 2213 2564 ad
2244 2517 2355 2563 illam
2385 2518 2440 2564 de
2471 2518 2597 2563 inter-

184 2586 470 2646 polationibus
502 2587 737 2632 doctrinam
768 2587 1003 2633 adductum
1034 2602 1131 2633 esse
1161 2589 1309 2635 docet.
1350 2588 1469 2648 quod
1501 2588 1737 2647 intelligere
1768 2588 1988 2648 nequisset
2023 2589 2227 2632 nonnulla
2265 2590 2474 2638 carmina,
2510 2602 2599 2632 non

181 2658 282 2700 satis
324 2659 522 2701 modeste
562 2659 603 2700 in
646 2658 726 2701 hac
765 2672 812 2701 re
849 2666 1043 2701 versatus
1073 2672 1170 2701 esse
1201 2659 1391 2710 videtum
1432 2659 1535 2701 satis
1566 2659 1680 2701 enim
1709 2666 1889 2716 apparet
1918 2659 2034 2701 illum
2064 2667 2222 2702 tantam
2252 2659 2332 2703 sibi
2363 2659 2600 2702 vindicasse

182 2728 473 2771 auctoritatem
505 2736 549 2770 et
579 2728 733 2787 ingenii
774 2729 879 2774 vim.
917 2737 964 2772 ut
1004 2729 1218 2772 neminem
1262 2729 1301 2771 id
1345 2729 1410 2772 vel
1455 2729 1717 2772 intellexisse
1755 2728 1821 2771 vel
1862 2728 2172 2773 intellecturum
2211 2744 2308 2774 esse
2346 2741 2600 2786 persuasum

181 2796 345 2848 habeat,
375 2797 494 2855 quod
524 2812 605 2841 suo
637 2798 771 2855 ipsius
800 2798 981 2842 acumini
1014 2799 1225 2842 restiterit.

401 2869 540 2926 Atque
569 2880 667 2911 cum
697 2882 853 2911 munus
883 2868 1164 2927 Peerlkampii
1201 2868 1477 2927 impugnandi
1513 2867 1851 2926 susceperimus,
1890 2867 1932 2911 id
1971 2868 2238 2926 potissimum
2280 2868 2597 2927 respiciendum

180 2935 369 2984 videtur,
419 2950 506 2995 quo
548 2937 637 2981 iure
681 2937 749 2981 ille
789 2938 837 2982 iis
878 2951 989 2997 quos
1037 2951 1141 2983 suae
1187 2939 1425 2983 sententiae
1469 2946 1667 2983 auctores
1718 2938 1883 2996 profert
1923 2937 2165 2983 hominibus
2209 2939 2347 2984 doctis
2387 2953 2491 2984 usus
2532 2939 2597 2983 sit.

181 3007 374 3057 Quorum
406 3006 526 3063 quasi
566 3007 768 3064 princeps
799 3008 1044 3050 nominatur
1072 3007 1356 3050 Marklandius
1394 3008 1515 3051 cuius
1556 3022 1669 3067 quae
1706 3008 1834 3050 fuerit
1876 3008 2068 3051 doctrina
2109 3009 2310 3052 iudicium
2350 3009 2524 3052 felicitas
2555 3010 2596 3052 in

179 3074 453 3118 restituendis
493 3076 750 3132 scriptorum
794 3085 984 3120 veterum
1036 3076 1153 3121 libris
1204 3092 1467 3136 magnopere
1508 3078 1723 3132 laudatur;
1769 3078 1803 3122 is
1841 3085 1985 3122 autem
2037 3078 2309 3137 Supplicibus
2359 3079 2597 3139 Euripideis

179 3143 478 3189 adnotaverat:
512 3145 580 3195 „ln
604 3145 779 3190 Horatio
809 3154 910 3205 post
940 3148 1082 3191 omnia
1107 3160 1218 3206 quae
1248 3146 1289 3191 in
1321 3161 1420 3192 eum
1450 3148 1608 3207 scripta
1639 3148 1721 3192 vidi
1752 3148 1976 3193 innumera
2005 3157 2115 3200 sunt,
2146 3162 2259 3210 quae
2289 3163 2375 3193 non
2406 3149 2595 3210 intelligo

179 3220 279 3256 etc.“
313 3214 491 3269 (Peerlk.
511 3230 551 3273 p.
574 3216 667 3271 Vll.)
709 3218 917 3267 Attamen,
949 3231 1209 3276 quamquam
1242 3218 1404 3262 Peerlk.
1429 3219 1659 3263 Marklandi
1691 3220 1892 3264 iudicium
1923 3227 1964 3263 et
1995 3220 2249 3279 elegentiam
2279 3228 2323 3264 et
2352 3219 2595 3265 felicitatem

176 3283 354 3327 summis
383 3283 506 3327 effert
536 3284 756 3336 laudidus,
794 3287 1114 3337 contenderim,
1154 3288 1359 3331 nonnulla
1398 3289 1438 3332 in
1479 3289 1588 3333 illius
1626 3289 1736 3334 libro
1776 3290 1954 3334 inveniri
1991 3304 2145 3348 posse,
2186 3304 2297 3349 quae
2336 3291 2511 3335 minime
2539 3289 2595 3334 ad

175 3351 285 3396 hanc
313 3351 471 3398 bonam
495 3354 551 3399 de
569 3355 832 3400 Marklandio
853 3357 1103 3416 opinionem
1133 3357 1470 3404 confirmandam
1493 3359 1672 3404 valeant.
1708 3360 1935 3404 Enimvero
1957 3360 2071 3405 latini
2099 3361 2312 3406 sermonis
2342 3360 2595 3421 elegantiam

173 3422 390 3466 interdum
421 3425 654 3468 desiderari
685 3439 827 3484 aeque
857 3435 987 3485 atque
1019 3427 1119 3471 illud
1151 3428 1350 3473 iudicium
1381 3437 1423 3473 et
1453 3430 1705 3474 restituendi
1741 3430 1981 3474 felicitatem
2022 3431 2406 3475 demonstraverim
2437 3444 2491 3474 ex
2521 3429 2594 3473 illo

172 3492 291 3551 quod
324 3493 457 3536 modo
487 3494 656 3538 recitavi
688 3496 910 3539 enuntiato
941 3504 984 3539 et
1014 3498 1251 3548 nonnullis,
1292 3513 1399 3556 quas
1431 3499 1528 3542 fecit
1559 3500 1599 3542 in
1630 3500 1787 3543 Horatii
1825 3499 2081 3544 carminibus
2119 3500 2386 3545 coniecturis.
2445 3498 2593 3542 Latine
