2846 3826
1387 117 1460 166 XI

212 265 239 297 e
257 259 453 296 veterum
477 249 707 295 latinorum
732 250 807 308 qui
836 249 1013 309 quidem
1040 249 1103 293 rei
1130 248 1333 293 metricae
1363 262 1542 307 operam
1560 248 1786 300 navabant,
1804 248 2047 307 strophicae
2068 250 2390 308 compositionis
2407 252 2632 312 imperitia,

212 319 347 366 altera
373 332 399 365 e
426 317 524 363 libri
561 318 672 364 tertii
713 324 867 378 quarto
898 326 942 362 et
969 317 1065 362 libri
1104 318 1243 377 quarti
1283 325 1437 362 octavo
1475 316 1753 368 carminibus,
1789 319 1914 361 tertia
1942 331 1967 361 e
1997 318 2213 363 nonnullis
2252 321 2526 373 carminibus,
2555 321 2628 365 ubi

212 389 310 441 finis
347 389 553 446 strophae
591 402 682 431 non
718 389 833 431 idem
872 396 941 431 est
974 388 1224 446 argumenti.
1295 389 1423 439 Quod
1453 388 1630 446 quidem
1657 388 1714 430 ad
1744 395 1913 431 veteres
1942 387 2003 430 rei
2033 389 2236 432 metricae
2264 389 2483 434 studiosos
2510 391 2629 436 viros

211 459 416 517 pertinet,
454 459 556 502 satis
586 466 738 501 notum
767 465 849 508 est,
886 465 1154 517 quantopere
1183 456 1413 515 prudentia
1442 465 1485 501 et
1513 456 1667 502 iudicio
1697 455 1823 502 huius
1852 456 1913 501 rei
1942 456 2172 509 caruerint,
2207 471 2321 517 quae
2350 471 2421 503 res
2450 458 2629 505 demon-

211 534 381 579 stratur,
409 535 457 572 ut
485 541 573 571 uno
604 526 805 586 exemplo
837 535 940 579 utar,
970 527 1091 572 Caesi
1113 527 1231 572 Bassi
1261 527 1317 571 de
1347 526 1493 571 metris
1522 526 1645 575 libro,
1674 540 1762 585 quo
1794 526 1957 570 nullum
1986 526 2175 571 melioris
2204 528 2424 572 doctrinae
2452 538 2632 586 apparet

211 596 436 655 vestigium
453 597 495 653 ¹).
562 597 757 640 Carmine
795 596 951 641 deinde
991 597 1085 640 libri
1124 597 1236 640 tertii
1274 596 1546 645 duodecimo,
1589 597 1708 654 quod
1747 596 1942 654 plerique
1979 596 2168 640 editores
2207 606 2412 655 quattuor
2439 597 2628 654 strophis

213 665 491 717 distribuunt,
529 679 628 710 cum
667 666 814 711 ionicis
844 681 869 710 a
899 667 997 710 min.
1028 666 1217 725 alioquin
1248 665 1302 709 ab
1332 666 1505 709 Horatio
1537 679 1623 709 non
1659 665 1857 710 adhibitis
1898 666 2185 723 compositum
2226 668 2296 717 sit,
2335 666 2452 711 nullo
2495 667 2627 711 modo

212 736 497 795 demonstrari
535 743 700 794 potest,
740 737 781 780 in
817 737 970 781 ceteris
1010 737 1065 780 ad
1103 736 1378 795 stropharum
1416 736 1577 780 formas
1617 737 1861 795 redigendis
1901 744 2090 780 erratum
2131 751 2226 780 esse
2239 741 2295 790 2);
2335 738 2437 780 item
2475 752 2545 781 res
2579 751 2629 781 se

210 805 341 849 habet
380 805 435 849 de
475 806 660 850 carmine
698 806 791 849 libri
833 807 970 865 quarti
1009 812 1176 854 octavo,
1215 804 1334 847 cuius
1371 805 1426 847 de
1455 805 1620 862 triginta
1652 814 1855 864 quattuor
1884 805 2080 849 versibus
2109 806 2218 849 duos
2248 807 2499 849 eximendos
2529 820 2630 849 esse

209 878 507 922 Lachmannus
551 877 725 935 probat,
769 867 1000 935 postquam
1044 883 1162 920 recte
1208 875 1263 919 de
1308 890 1503 926 caesura,
1548 891 1633 935 qua
1676 875 1874 921 Horatius
1922 883 2022 934 post
2066 875 2356 921 choriambum
2399 876 2442 922 in
2485 884 2626 922 metro

210 947 482 1005 asclepiadeo
520 947 618 990 min.
649 947 709 990 uti
749 947 897 998 soleat,
940 960 1028 989 non
1063 944 1249 989 adhibita
1289 946 1470 999 monuit;
1511 946 1589 990 nisi
1618 947 1727 990 forte
1758 946 1863 990 haec
1892 946 2177 1002 discrepantia
2205 947 2343 1003 posita
2371 954 2439 991 est
2466 947 2509 990 in
2540 947 2628 990 sin·

211 1017 343 1076 gulari
382 1016 483 1059 artis
522 1017 722 1059 metricae
761 1017 1006 1059 tractandae
1046 1016 1228 1064 ratione,
1269 1029 1353 1073 qua
1393 1029 1605 1071 persaepe
1645 1016 1843 1058 Horatius
1884 1016 2012 1057 utitur
2040 1017 2082 1057 in
2113 1023 2263 1072 quarto
2293 1016 2472 1059 odarum
2502 1015 2627 1060 libro.

212 1087 488 1144 Quapropter
526 1086 642 1129 nullo
680 1086 813 1129 modo
856 1083 1029 1143 probari
1073 1092 1233 1143 potest,
1270 1084 1424 1129 horum
1465 1084 1650 1129 duorum
1691 1085 1926 1128 carminum
1965 1083 2097 1129 rebus
2139 1085 2319 1142 propriis
2359 1085 2550 1145 regulam
2581 1092 2625 1130 et

211 1169 406 1199 normam
451 1155 603 1199 ceteris
648 1154 857 1212 praeberi.
931 1154 1043 1206 Quid
1088 1154 1275 1212 denique
1318 1155 1536 1197 Horatium
1585 1169 1761 1198 movere
1809 1154 1946 1211 potuit
1989 1163 2033 1196 ut
2074 1154 2389 1212 diligentissime
2434 1156 2624 1199 eundem

210 1224 414 1280 strophae
443 1231 485 1267 et
513 1224 751 1282 argumenti
782 1223 912 1266 finem
943 1230 1137 1279 poneret,
1166 1237 1262 1266 cum
1293 1224 1384 1266 eius
1413 1224 1599 1267 carmina
1629 1224 1706 1267 hac
1736 1225 1776 1266 in
1807 1240 1853 1267 re
1884 1224 2104 1267 differrent
2132 1239 2157 1267 a
2187 1225 2359 1281 graecis,
2388 1226 2507 1282 quod
2532 1239 2622 1268 non

210 1294 302 1339 cani
331 1293 408 1338 sed
438 1293 521 1351 legi
550 1300 714 1336 tantum
745 1300 788 1337 et
816 1292 981 1336 recitari
1010 1293 1172 1336 Romae
1201 1292 1429 1336 solebant?
1472 1293 1655 1341 Accedit,
1686 1293 1804 1351 quod
1825 1292 2045 1336 Horatium
2076 1307 2163 1335 non
2194 1293 2298 1336 odas
2327 1293 2403 1336 sed
2434 1294 2622 1337 carmina

209 1364 507 1421 composuisse
536 1364 682 1420 ipsum
713 1363 959 1420 professum
989 1378 1086 1406 esse
1117 1363 1217 1407 satis
1247 1370 1423 1406 constat.
1454 1388 1507 1393 —
2066 1352 2069 1356 ⁴

433 1432 562 1485 Quod
596 1432 631 1476 si
667 1432 748 1475 iam
789 1432 1052 1490 quaerimus,
1090 1431 1207 1490 quod
1249 1445 1302 1474 ex
1331 1431 1410 1475 hac
1438 1446 1485 1475 re
1515 1433 1792 1475 commodum
1822 1432 2115 1489 proficiscatur
2142 1433 2312 1476 Horatio
2343 1444 2456 1477 recte
2487 1434 2622 1490 expli-

210 1502 363 1553 cando,
399 1501 483 1545 hoc
518 1515 718 1560 magnum
749 1515 848 1545 esse
877 1501 1065 1552 videtum
1107 1514 1204 1543 nam
1234 1515 1332 1544 cum
1361 1501 1451 1544 sere
1483 1501 1627 1544 omnia
1656 1501 1839 1544 carmina
1869 1502 2092 1544 admittant
2121 1502 2381 1559 strophicum
2411 1502 2622 1551 ordinem,

210 1572 236 1614 ii
267 1571 340 1630 qui
370 1571 719 1628 interpolationes
751 1570 907 1613 Horatii
938 1569 1191 1613 carminibus
1221 1570 1363 1613 inesse
1391 1578 1562 1627 putant,
1602 1578 1787 1613 statuant
1817 1585 1996 1614 necesse
2025 1579 2111 1619 est,
2153 1572 2477 1628 interpolatores
2506 1571 2620 1615 illam

211 1642 266 1685 de
303 1641 518 1698 strophica
554 1640 868 1696 compositione
908 1640 1047 1697 legem
1087 1639 1342 1696 cognovisse
1381 1647 1424 1682 ct
1459 1640 1713 1684 exercuisse.
1771 1641 1855 1683 lam
1887 1655 1991 1684 vero
2021 1655 2118 1684 cum
2147 1640 2298 1684 clarius
2326 1641 2420 1684 luce
2448 1648 2620 1685 constet

210 1717 253 1755 et
282 1709 638 1769 interpolationes
669 1708 970 1768 antiquissimis
999 1706 1268 1767 temporibus
1297 1708 1547 1752 tribuendas
1577 1722 1675 1752 esse
1705 1718 1747 1752 et
1779 1709 2170 1769 primo‘alteroque
2200 1724 2241 1767 p.
2264 1708 2356 1752 Chr.
2381 1725 2419 1752 n.
2444 1709 2618 1753 saeculo

209 1781 425 1824 neminem
466 1780 533 1823 vel
571 1787 797 1836 poetarum
836 1780 902 1821 vel
942 1780 1314 1836 grammaticorum
1354 1778 1408 1821 de
1449 1779 1763 1835 compositione
1803 1779 2018 1836 strophica
2054 1780 2326 1837 cogitasses),
2364 1779 2618 1822 adducimur

209 1850 302 1896 sine
333 1849 464 1894 dubio
496 1858 542 1892 ut
570 1862 835 1895 censeamus,
865 1848 1220 1906 interpolationes
1250 1847 1426 1891 omnino
1457 1862 1543 1891 non
1573 1847 1715 1891 fuisse.

432 1919 518 1963 Sed
548 1932 775 1963 caveamus
806 1932 984 1962 necesse
1014 1925 1101 1968 est,
1138 1932 1192 1961 ne
1222 1917 1307 1967 alii,
1335 1924 1466 1975 atque
1495 1917 1692 1961 homines
1723 1918 1836 1961 docti
1866 1917 2047 1974 probata
2077 1918 2142 1961 illa
2170 1919 2224 1961 de
2253 1918 2439 1976 strophis
2469 1921 2617 1977 regula

208 1997 467 2035 statuerunt,
513 1989 593 2047 legi
633 1989 802 2032 nimiam
842 1988 1130 2032 concedamus
1169 1986 1300 2031 fidem
1338 2000 1448 2030 neve
1488 1987 1693 2045 quoniam
1730 2001 1813 2030 una
1855 1987 1894 2030 in
1935 2002 1981 2030 re
2020 1988 2236 2031 Horatium
2275 1988 2478 2031 imitatum
2515 2002 2616 2032 esse

208 2058 395 2103 Graecos
425 2058 595 2108 scimus,
625 2072 704 2102 nos
734 2058 889 2101 adduci
919 2057 1128 2115 patiamur
1156 2064 1202 2100 ut
1233 2056 1555 2115 diligentissimo
1595 2056 1748 2100 iudicio
1786 2057 1981 2115 neglecto
2011 2057 2138 2101 etiam
2167 2057 2253 2101 aliis
2282 2058 2321 2100 in
2353 2056 2483 2101 rebus
2512 2071 2614 2101 eum

208 2128 468 2172 Graecorum
504 2128 637 2171 fuisse
675 2128 928 2171 imitatorem
966 2127 1327 2171 accuratissimum
1367 2133 1579 2183 putemus.
1650 2128 1733 2169 Res
1768 2135 1910 2169 autem
1949 2127 2054 2170 haec
2088 2137 2167 2170 est.
2223 2129 2325 2170 Nam
2355 2142 2451 2171 cum
2482 2142 2611 2171 nemo

207 2203 336 2248 esset,
365 2196 468 2254 quin
496 2205 751 2253 agnosceret
781 2210 990 2239 summam
1013 2197 1054 2239 in
1079 2197 1203 2252 poesi
1223 2196 1384 2239 Graeca
1401 2195 1540 2253 legem
1560 2209 1657 2238 esse
1675 2195 2016 2239 convenientiam
2037 2197 2218 2254 partium
2238 2197 2620 2261 architectonicam,

208 2280 338 2326 quam
378 2265 491 2311 docti
528 2264 724 2311 homines
762 2266 918 2314 dicunt,
947 2265 1015 2310 vel
1044 2264 1366 2324 congruentiam
1396 2263 1783 2323 aequalitatemque
1814 2263 2118 2317 membrorum,
2147 2280 2258 2326 quae
2286 2266 2541 2325 perspicitur
2569 2274 2617 2310 ut

208 2336 356 2394 paucis
385 2342 479 2378 utar
507 2335 716 2392 exemplis
745 2336 787 2377 in
817 2336 985 2378 Pindari
1013 2334 1280 2380 carminihus‚
1309 2334 1350 2376 in
1381 2334 1694 2391 tragoediarum
1725 2348 1813 2376 non
1844 2335 1977 2377 modo
2006 2336 2147 2378 choris
2176 2337 2252 2379 sed
2283 2337 2408 2378 etiam
2434 2336 2615 2393 dialogis

209 2406 485 2460 (στιχομυθία)
524 2404 565 2447 in
605 2404 840 2448 hexametri
879 2412 921 2448 et
959 2404 1214 2461 pentametri
1256 2403 1427 2460 paribus
1458 2402 1660 2447 membris
1691 2403 1808 2447 velut
1837 2403 1880 2447 in
1910 2401 2166 2463 Theognidis
2195 2403 2400 2462 strophis,
2429 2404 2614 2453 fuerunt,

208 2476 281 2537 qui
318 2474 554 2520 secundum
594 2474 776 2519 eandem
813 2481 958 2531 aptam
987 2473 1281 2518 membrorum
1311 2473 1667 2532 compositionem
1697 2473 1942 2518 Latinorum
1972 2482 2198 2532 poetarum
2227 2488 2357 2533 opera
2384 2474 2616 2532 temperari

206 2545 376 2589 vellent.
424 2544 694 2605 Acnprimum
725 2544 899 2602 qnidem
930 2552 1161 2603 postquam
1191 2544 1245 2587 de
1276 2543 1437 2587 Tibullo
1458 2544 1677 2587 Dissenius
1709 2543 1764 2586 de
1789 2544 2014 2601 Propertio
2041 2544 2351 2588 Mullenhoffius
2374 2545 2428 2587 de
2445 2544 2614 2601 Vergilii

208 2614 367 2674 eclogis
395 2612 627 2658 Ribbekius
657 2613 739 2657 hoc
769 2613 1062 2673 cogitaverunt
1090 2613 1287 2657 Horatius
1318 2612 1455 2657 studia
1490 2627 1660 2662 eorum,
1697 2613 1769 2671 qui
1809 2621 1973 2656 rectum
2003 2624 2047 2658 et
2075 2622 2220 2673 aptum
2258 2614 2454 2658 ordinem
2483 2614 2617 2658 Grae-

206 2698 356 2728 corum
383 2684 516 2726 instar
544 2684 670 2725 ineo
702 2683 1015 2732 desiderabant,
1046 2684 1236 2741 effugere
1266 2697 1354 2725 non
1384 2683 1533 2738 potuit.
1599 2684 1793 2734 Quorum
1828 2684 1917 2725 fere
1949 2686 2113 2740 primus
2141 2685 2297 2728 exstitit
2324 2684 2618 2733 Schwenkius,

207 2754 281 2812 qui
309 2754 446 2796 annal.
464 2753 582 2795 Jahn.
602 2760 703 2795 tom.
725 2758 780 2796 70
806 2752 1099 2795 membrorum
1128 2751 1449 2809 congruentiam
1468 2760 1513 2794 et
1529 2752 1789 2810 aequitatem
1819 2752 1861 2795 in
1884 2751 2164 2798 diiudicandis
2179 2753 2333 2797 Horatii
2355 2752 2619 2799 carminibus

205 2824 347 2883 magni
386 2821 593 2867 momenti
631 2836 727 2866 esse
769 2821 900 2865 voluit
941 2820 984 2865 in
1021 2821 1070 2866 iis
1108 2820 1397 2880 potissimum,
1438 2835 1549 2880 quae
1589 2829 1768 2880 propter
1795 2829 2095 2880 argumentum
2124 2822 2190 2867 vel
2219 2823 2404 2881 linguam
2435 2823 2503 2867 vel
2532 2823 2616 2867 tale

207 2893 309 2953 quid
349 2898 550 2950 suspecta
589 2898 747 2934 essent.
791 2891 1077 2949 ‚Quamquam
1116 2891 1217 2933 mihi
1247 2890 1421 2948 quidem
1460 2891 1578 2940 illae,
1618 2905 1726 2949 quas
1762 2892 1928 2948 spurias
1967 2892 2112 2942 habet,
2153 2892 2355 2950 strophae
2397 2907 2486 2936 non
2529 2901 2616 2936 tam

206 2962 404 3021 indignae
434 2961 634 3004 videntur
651 2959 825 3003 Horatio
856 2966 902 3002 ut
932 2959 1165 3003 deleantur.
1209 2959 1447 3003 Permirum
1474 2967 1618 3004 autem
1649 2961 1816 3004 videtur
1845 2961 1965 3019 quod
1995 2962 2134 3019 primo
2164 2962 2286 3020 primi
2314 2961 2411 3006 libri
2429 2962 2617 3006 oermine

205 3030 392 3090 probare
429 3029 509 3073 sibi
539 3028 784 3086 proposuit,
823 3028 934 3071 illam
973 3028 1028 3072 de
1065 3042 1151 3087 qua
1180 3028 1263 3087 agit
1291 3029 1586 3089 symmetriam
1615 3030 1821 3079 contineri
1852 3031 1943 3088 pari
1972 3032 2244 3089 stropharum
2272 3045 2454 3075 numero
2483 3032 2542 3076 ita
2571 3040 2619 3076 ut

205 3103 448 3144 Maecenate
479 3106 630 3143 vocato
662 3106 760 3142 octo
790 3097 990 3155 strophas
1020 3098 1219 3148 totidem,
1258 3098 1348 3143 illas
1379 3098 1550 3150 decem,
1591 3108 1681 3143 tum
1711 3100 1864 3143 iterum
1894 3108 1993 3145 octo
2023 3111 2267 3160 sequantur.
2323 3102 2480 3145 Rarum
2509 3115 2617 3148 sane

205 3168 479 3231 symmetriae
522 3183 657 3228 genus
699 3174 742 3211 et
782 3167 898 3226 apud
937 3181 1115 3227 graecos
1155 3174 1199 3212 et
1235 3167 1351 3226 apud
1388 3167 1540 3213 latinos
1578 3176 1730 3227 poetas
1771 3176 1978 3229 quantum
2019 3183 2101 3230 ego
2139 3170 2240 3221 scio,
2276 3183 2362 3214 non
2392 3170 2615 3216 usitatum!

420 3270 450 3317 ¹)
475 3269 634 3308 Uberius
660 3268 839 3307 disseruit
863 3268 910 3306 de
935 3268 1008 3306 hae
1032 3279 1073 3306 re
1097 3269 1140 3306 L.
1165 3268 1303 3306 Maller
1325 3269 1364 3305 in
1389 3268 1564 3306 editionis
1589 3269 1750 3317 praefat.
1801 3280 1865 3317 pg.
1891 3270 1989 3306 LIII.

421 3320 452 3365 ²)
475 3330 597 3364 neque
626 3318 756 3364 inepte
786 3319 935 3353 videtur
966 3318 1168 3362 Westphal
1201 3317 1360 3363 (griech-
1386 3319 1525 3354 Metrik
1550 3319 1617 3363 111,
1642 3319 1728 3360 308)
1760 3320 1916 3355 carmini
1939 3320 1996 3354 illi
2021 3323 2201 3365 quattuor
2226 3321 2404 3365 stropha·
2425 3321 2614 3365 tribuisse,

482 3378 639 3413 quarum
666 3377 835 3413 quaeque
861 3365 1075 3403 continetur
1098 3366 1196 3403 binis
1222 3365 1391 3403 dimetris
1417 3369 1456 3403 et
1480 3366 1578 3404 binis
1603 3366 1783 3404 trimetris
1808 3367 1952 3405 ionicis.

424 3415 454 3461 ⁸)
480 3415 733 3460 conferantur,
758 3426 910 3460 quaeso,
935 3416 1012 3460 illa,
1039 3426 1154 3460 supra
1179 3415 1225 3450 de
1251 3415 1381 3451 Caesio
1405 3416 1525 3452 Basso
1552 3416 1756 3462 adnotata;
1789 3423 1988 3461 poetarum
2014 3418 2087 3453 hoc
2112 3418 2196 3453 loco
2223 3417 2402 3454 Senecam
2427 3417 2612 3462 tragicum

482 3463 643 3500 Statium
669 3463 916 3505 Claudianum
942 3462 1325 3501 commemoraverim.
2418 3470 2420 3472 ·
