2846 3826
1356 116 1478 167 XIII

214 253 360 312 aliquo
395 252 510 296 hanc
547 251 769 309 stropham
806 251 850 294 in
887 251 1054 293 textum
1081 248 1306 306 irrepsisse
1332 256 1465 306 putat.
1523 249 1662 301 Quam
1691 248 1852 291 Martini
1882 248 2138 310 sententiam
2166 249 2434 306 probaverim
2463 253 2541 296 sed
2569 254 2628 296 ita

216 321 393 382 quidem
415 327 462 365 ut
479 319 688 365 maiorem
709 318 883 365 delendi
902 318 987 363 vim
1007 317 1090 377 ipsi
1110 324 1365 377 argumento
1386 331 1517 377 quam
1535 316 1688 370 rationi
1709 316 2040 375 antistrophioae
2068 316 2272 372 tribuam;
2301 319 2626 378 vituperaverim

215 391 335 452 quod
371 390 567 437 Meinekii
606 390 661 436 de
696 389 883 449 strophis
921 385 1080 449 legem³
1100 401 1199 433 cum
1227 387 1269 432 in
1298 386 1382 432 hoc
1409 387 1596 433 carmine
1628 386 1726 431 ferri
1755 400 1843 431 non
1873 399 2006 445 posse
2035 394 2168 445 putet,
2198 401 2285 433 non
2315 397 2428 434 recte
2456 392 2628 452 excogi-

213 467 345 504 tatam
374 475 472 505 esse
500 460 739 504 arbitratur.
796 459 860 502 De
889 459 969 502 hac
997 473 1046 502 re
1072 471 1202 515 supra
1233 458 1407 515 egimus.
1457 459 1503 500 ln
1532 457 1612 506 illa,
1641 457 1696 500 de
1727 470 1814 514 qua
1843 457 1975 500 modo
2005 456 2298 508 disseruimus,
2327 459 2509 516 epistola
2535 477 2624 519 quo

214 530 468 589 prudentius
507 537 553 574 et
592 528 833 589 diligentius
869 527 1072 572 Martinus
1106 541 1155 571 se
1191 525 1338 571 habuit
1371 541 1426 571 eo
1463 527 1597 586 magis
1635 526 1789 569 mirum
1829 525 1998 569 videtur
2034 526 2152 585 quod
2192 528 2339 586 paucis
2375 527 2498 573 anuis
2527 539 2625 587 post

212 613 239 643 a
265 600 563 657 Peerlkampio
603 599 796 657 Gruppio
835 599 925 642 aliis
963 598 1019 642 ad
1057 598 1227 641 illorum
1263 611 1488 654 perversas
1527 596 1760 641 sententias
1800 604 1843 639 et
1883 596 2074 640 rationes
2110 597 2272 642 criticas
2302 598 2516 642 adductus
2544 609 2623 643 est.

214 670 485 728 Quamquam
522 669 564 712 in
603 668 802 712 omnibus
840 669 949 712 illius
986 667 1062 711 viri
1099 666 1423 725 quaestionibus
1452 667 1638 724 perspici
1668 673 1813 723 potest
1841 680 2057 709 summum
2087 665 2162 708 viri
2191 667 2379 711 studium
2407 667 2503 711 sine
2532 668 2627 719 ulla,

213 752 323 798 quae
363 738 453 783 istis
493 745 718 795 tantopere
757 736 972 796 placebat,
1011 736 1275 780 tumultuosa
1314 745 1356 780 et
1394 735 1601 780 effrenata
1640 750 1848 779 novarum
1887 734 1928 777 in
1968 734 2143 778 Horatio
2172 736 2448 780 emendando
2479 751 2625 782 rerum

211 807 397 852 libidine.
456 808 543 851 Sed
581 808 636 851 ad
672 808 836 866 singula
876 815 1156 850 transeamus.
1214 806 1439 855 Permulta,
1477 807 1545 856 ait,
1574 819 1622 849 se
1652 805 1865 848 invenisse
1894 805 2093 855 carmina,
2124 819 2246 863 quae,
2275 808 2363 850 sive
2393 808 2626 865 interpola-

210 875 398 921 tionibus
441 885 635 921 carerent
679 878 768 921 sive
809 877 1027 935 inquinata
1072 883 1238 925 essent,
1277 875 1635 932 compositionem
1681 873 1941 931 strophicam
1978 874 2261 919 admitterent.
2329 877 2416 920 Sed
2458 885 2624 923 tantum

211 945 378 997 abesse,
407 953 454 991 ut
482 946 562 992 hac
591 946 645 991 de
674 945 948 1004 antisti-ophis
977 944 1190 990 sententia
1217 944 1505 989 adduceretur
1541 944 1596 989 ad
1635 943 1985 1003 interpolationes
2025 942 2267 1003 ubicunque
2297 947 2547 992 statuendas
2577 956 2624 992 ut

211 1017 416 1061 nonnulla
437 1031 548 1078 quae
575 1025 700 1060 antea
726 1016 934 1060 Meinekio
956 1023 997 1060 et
1020 1015 1315 1073 Peerlkampio
1344 1015 1588 1058 auctoribus
1615 1022 1816 1074 suspecta
1839 1013 2059 1058 habuisset
2076 1014 2105 1068 ¹)
2131 1015 2313 1059 carmina
2338 1016 2380 1060 in
2407 1018 2621 1078 integrum

209 1088 454 1132 restitueret
484 1102 625 1146 neque
656 1101 760 1130 vero
792 1087 1035 1144 negandum
1065 1100 1184 1136 esse,
1223 1086 1370 1144 quanti
1401 1087 1604 1130 momenti
1634 1094 1750 1129 esset
1779 1086 1885 1129 haec
1914 1085 2217 1141 antistrophica
2247 1087 2353 1130 ratio
2382 1088 2438 1131 ad
2468 1088 2624 1146 depre-

209 1158 461 1202 hendendas
499 1156 866 1214 interpolationes.
933 1157 995 1198 De
1035 1169 1118 1198 una
1160 1170 1206 1198 re
1243 1156 1411 1199 videtur
1444 1156 1526 1199 hoc
1556 1156 1651 1199 loco
1681 1155 1968 1206 monendum;
2011 1169 2108 1197 nam
2139 1169 2236 1198 cum
2270 1156 2379 1199 dicat
2407 1158 2622 1207 Martinus,

208 1243 257 1272 se
287 1228 329 1271 in
357 1227 406 1271 iis
437 1241 614 1284 quoque
652 1224 920 1276 carminibus,
961 1239 1073 1282 quae
1114 1225 1367 1282 interpolata
1405 1234 1570 1276 essent,
1601 1225 1859 1270 observasse
1889 1225 2098 1268 rationem
2129 1225 2493 1283 antistrophicam,
2522 1227 2618 1273 illos

208 1294 537 1355 interpolatores
568 1294 720 1339 eadem
750 1293 849 1339 artis
880 1293 1078 1339 metricae
1108 1300 1238 1353 atque
1267 1293 1485 1338 Horatium
1515 1294 1690 1339 scientia
1720 1293 1906 1338 imbutos
1937 1293 2068 1338 fuisse
2100 1307 2278 1339 necesse
2307 1303 2383 1347 est,
2413 1296 2544 1355 quod,
2573 1304 2620 1341 ut

207 1378 338 1424 supra
368 1364 766 1413 demonstravimus,
795 1362 887 1406 fieri
918 1377 1003 1406 non
1034 1364 1183 1421 potuit.
1238 1366 1340 1406 Tum
1373 1377 1455 1406 una
1485 1364 1726 1423 eademque
1757 1364 2045 1421 disputatione
2067 1377 2188 1406 suam
2207 1372 2250 1406 et
2269 1365 2322 1406 de
2343 1366 2617 1424 antistrophis

210 1442 254 1478 et
283 1435 338 1477 de
368 1432 768 1491 interpolationibus
798 1434 1051 1475 sententiam
1082 1433 1317 1476 defendere
1348 1434 1504 1482 studet,
1534 1434 1693 1481 dicens,
1722 1435 1875 1476 mirum
1905 1448 2004 1476 esse
2034 1434 2166 1490 quod,
2194 1435 2228 1475 si
2250 1435 2344 1491 quis
2372 1448 2544 1477 carmen
2575 1436 2617 1477 in

209 1504 456 1548 universum
484 1502 840 1560 perfectissimum
871 1503 912 1545 in
942 1502 1107 1560 singula
1126 1502 1325 1546 vitiosum
1345 1503 1650 1560 composuerit.
1680 1502 1748 1546 illa
1770 1503 1865 1546 vitia
1885 1503 1977 1546 sine
1998 1502 2084 1545 ullo
2109 1502 2341 1560 elegantiae
2359 1504 2618 1549 detrimento

209 1581 253 1617 et
281 1580 490 1617 structura
519 1571 822 1628 antistrophica
851 1572 919 1614 vel
948 1579 1117 1615 servata
1148 1571 1215 1614 vel
1243 1571 1277 1614 si
1306 1580 1430 1615 antea
1461 1586 1547 1615 non
1577 1572 1721 1621 suerit,
1750 1573 1962 1621 restituta,
1992 1572 2105 1615 demi
2135 1573 2311 1629 possint.
2374 1576 2511 1632 Atque
2539 1574 2617 1618 illis

210 1643 398 1693 omissis,
440 1655 550 1700 quae
594 1654 725 1699 supra
763 1640 817 1684 de
860 1639 1259 1698 interpolationibus
1301 1654 1388 1684 non
1428 1642 1667 1685 statuendis
1707 1642 1816 1686 dicta
1857 1649 1974 1692 sunt,
2015 1642 2209 1687 Horatius
2248 1650 2375 1699 poeta
2417 1642 2616 1688 omnibus

210 1713 397 1757 numeris
440 1712 656 1770 perfectus
696 1710 872 1753 omnino
911 1724 999 1753 non
1038 1710 1133 1759 fuit,
1173 1724 1269 1753 cum
1309 1710 1416 1754 illius
1454 1711 1610 1770 ingenii
1649 1711 1821 1761 indolis,
1865 1726 1948 1770 qua
1983 1711 2249 1769 potissimum
2280 1720 2407 1769 poeta
2435 1713 2618 1756 excellat

208 1796 389 1826 necesse
427 1796 525 1824 esse
555 1795 635 1823 nos
666 1788 885 1836 putamus,
914 1779 1134 1836 phantasia
1162 1779 1396 1822 admodum
1427 1788 1603 1822 careret.
1664 1781 1759 1832 Quo
1790 1781 1946 1823 sactum
1975 1789 2062 1830 est,
2093 1790 2138 1823 ut
2167 1782 2359 1824 Horatius
2388 1796 2484 1825 cum
2515 1798 2616 1840 pru-

209 1851 398 1896 dentiam
417 1858 459 1895 et
477 1848 818 1893 moderationem
844 1848 976 1907 magis
1000 1848 1041 1891 in
1066 1847 1379 1905 componendis
1408 1848 1664 1891 carminibus
1696 1863 1824 1908 quam
1855 1850 2008 1908 ingenii
2029 1849 2194 1893 celeres
2218 1858 2359 1894 motus
2383 1859 2616 1902 exerceret,

208 1922 405 1965 universe
442 1919 680 1978 argumenti
715 1918 960 1961 inventione
990 1926 1033 1960 et
1063 1918 1266 1961 tractandi
1297 1918 1474 1970 ratione,
1504 1919 1810 1961 sententiarum
1841 1919 2120 1976 dispositione
2149 1928 2191 1962 et
2220 1921 2512 1963 convenientia
2542 1936 2617 1964 ex-

208 1991 399 2040 celleret,
439 1989 518 2033 sed
558 1988 730 2045 proprie
770 1987 902 2030 multa
941 2001 994 2030 ne
1035 1986 1169 2030 dicam
1211 1987 1356 2044 inepte
1395 1994 1436 2029 at
1475 1995 1590 2030 certe
1630 2002 1716 2031 non
1754 1988 1924 2045 poetice
1955 1988 2064 2032 dicta
2094 1988 2279 2032 haberet.
2336 1990 2468 2033 Huius
2498 1990 2614 2034 modi

208 2061 332 2121 igitur
371 2057 586 2104 enuntiata
623 2056 830 2100 nonnulla
868 2069 964 2099 cum
1005 2055 1217 2100 inveneris
1257 2056 1297 2099 in
1337 2055 1494 2099 Horatii
1534 2056 1807 2107 carminibus,
1849 2071 1934 2101 non
1974 2057 2245 2117 cogitandum
2284 2058 2362 2102 erit.
2400 2058 2454 2102 de
2485 2059 2614 2103 inter-

208 2129 504 2185 polationibus.
562 2129 842 2169 Transeamus
871 2126 926 2168 ad
956 2126 1010 2174 id,
1042 2126 1160 2183 quod
1191 2134 1339 2168 monet
1369 2127 1423 2169 de
1452 2126 1728 2175 Meinekiana,
1767 2141 1878 2184 quae
1909 2128 2072 2173 dicitur,
2107 2128 2282 2185 stropha
2309 2141 2438 2185 quam
2468 2130 2613 2186 priore

206 2199 304 2243 anni
338 2203 444 2243 1856
475 2196 726 2255 quaestione
757 2209 780 2238 a
810 2195 986 2237 Martino
1027 2201 1205 2251 propter
1244 2194 1630 2251 interpunctionem
1670 2196 1894 2239 refutatam
1935 2210 2033 2240 esse
2073 2197 2228 2240 scimus
2242 2198 2287 2251 2).
2343 2200 2400 2240 Ac
2429 2198 2614 2251 primum

207 2268 383 2327 quidem
420 2265 595 2324 singulis
635 2263 891 2308 carminibus
931 2262 1208 2306 monostichis
1246 2270 1290 2306 et
1320 2263 1507 2307 distichis
1538 2263 1743 2322 deinceps
1774 2265 2041 2322 perlustratis
2071 2275 2299 2324 postquam
2328 2266 2485 2309 invenit
2516 2281 2615 2325 per—

206 2338 436 2381 multarum
464 2333 736 2391 stropharum
767 2333 905 2375 exitus
935 2345 1033 2374 cnm
1061 2332 1319 2390 argumentis
1337 2332 1591 2382 consentire,
1619 2334 1793 2376 Horatio
1814 2333 2074 2391 strophicam
2094 2335 2449 2392 compositionem
2473 2336 2614 2394 legem

205 2409 337 2452 fuisse
374 2404 589 2450 concludit
628 2403 700 2446 cfr.
731 2417 798 2459 pg.
829 2408 895 2446 24.
964 2402 1050 2445 Sed
1089 2403 1291 2459 quoniam
1331 2403 1444 2445 haud
1487 2404 1655 2447 nescius
1694 2413 1779 2453 est,
1820 2405 1921 2448 satis
1962 2405 2094 2447 multa
2133 2420 2230 2449 esse
2269 2406 2471 2456 carmina,
2501 2422 2613 2464 quae

207 2488 467 2538 quamquam
496 2485 592 2516 raro
621 2470 824 2529 strophae
854 2479 897 2515 et
934 2472 1170 2530 argumenti
1210 2471 1397 2515 eundem
1435 2470 1564 2516 finem
1604 2471 1839 2530 praebeant
1879 2480 2022 2517 tamen
2063 2474 2234 2518 Horatio
2272 2488 2448 2532 prorsus
2487 2475 2615 2535 digna

206 2548 442 2595 videantur,
473 2542 666 2601 pluribus
696 2549 739 2584 et
768 2548 814 2584 ut
842 2541 942 2584 mihi
972 2542 1150 2592 videtur,
1180 2542 1281 2584 satis
1311 2542 1487 2585 remotis
1517 2543 1655 2585 causis
1686 2543 1803 2586 unde
1833 2543 1875 2586 id
1905 2544 2061 2587 factum
2082 2544 2135 2587 sit
2155 2544 2436 2602 comprobare
2454 2546 2614 2589 studet.

205 2617 314 2661 Dicit
349 2616 481 2664 enim,
521 2619 657 2655 metra
694 2610 851 2654 Horatii
881 2626 905 2653 e
935 2610 1106 2654 Graecis
1146 2611 1373 2669 desumpta
1402 2626 1500 2654 cum
1529 2612 1730 2655 Romanis
1761 2611 1876 2655 initio
1907 2627 1993 2655 non
2023 2614 2125 2657 satis
2155 2614 2320 2672 cognita
2348 2613 2540 2662 fuissent,
2570 2617 2613 2658 in

206 2687 269 2730 his
306 2682 583 2728 monostichis
621 2677 696 2724 vel>
727 2680 914 2724 distichis
953 2680 1227 2729 carminibus,
1273 2695 1360 2738 quo
1402 2681 1553 2724 melius
1591 2681 1927 2739 intelligerentur
1963 2683 2188 2740 strophae,
2231 2698 2339 2740 opus
2368 2683 2501 2727 fuisse
2546 2685 2615 2727 illa

206 2754 495 2808 distinctione,
531 2750 786 2809 simulatque
825 2749 1125 2794 adsuevissent
1163 2751 1340 2794 Romani
1377 2750 1425 2795 iis
1467 2752 1629 2801 metris,
1671 2751 1843 2795 Horatio
1881 2750 2126 2797 liberiorem
2165 2754 2370 2797 rationem
2406 2753 2614 2799 adhibere

204 2824 385 2870 licuisse.
454 2822 573 2875 Quae
612 2820 737 2880 igitur
774 2819 960 2864 carmina
992 2819 1196 2878 plurimas
1226 2820 1383 2866 habent
1412 2820 1612 2880 strophas
1642 2820 1799 2865 eodem
1827 2822 2065 2880 argumenti
2094 2829 2136 2866 et
2165 2822 2325 2867 formae
2354 2822 2440 2868 fine
2471 2825 2616 2868 termi-

205 2900 337 2942 natas,
361 2890 654 2949 antiquissima
672 2889 754 2932 sint
770 2902 949 2932 necesse
972 2896 1048 2932 est.
1092 2892 1287 2932 Attamen
1308 2903 1406 2932 cum
1426 2890 1637 2940 Horatius,
1659 2890 1909 2948 priusquam
1928 2892 2115 2934 carmina
2134 2892 2388 2949 composuit,
2408 2893 2614 2937 edidisset

206 2962 381 3021 epodon
420 2959 576 3003 librum
616 2958 735 3002 cuius
772 2957 1039 3001 monosticha
1074 2966 1117 3001 et
1147 2958 1322 3002 disticha
1350 2966 1488 3002 metra
1517 2958 1733 3016 strophica
1761 2960 2075 3014 compositione
2105 2961 2163 3003 uti
2192 2961 2290 3005 satis
2320 2970 2500 3012 constat,
2531 2964 2615 3007 Ro-

205 3032 340 3075 manis
369 3029 470 3074 satis
501 3028 669 3088 cognita
697 3036 817 3071 erant
845 3028 951 3071 haec
980 3035 1115 3071 metra
1144 3027 1199 3072 ita
1228 3037 1274 3072 ut
1303 3030 1357 3074 ad
1388 3043 1440 3073 ea
1468 3028 1770 3088 cognoscenda
1801 3029 2070 3074 distinctione
2100 3030 2168 3074 illa
2196 3045 2306 3090 opus
2332 3047 2418 3075 non
2440 3040 2557 3077 esset
2571 3038 2616 3087 ⁸).

415 3137 447 3178 ¹)
471 3136 599 3180 Atque
629 3133 704 3169 hoc
736 3133 821 3171 loco
853 3132 1038 3170 Martinus
1070 3133 1144 3169 hac
1174 3133 1213 3169 in
1237 3145 1279 3170 re
1303 3133 1460 3179 erravit,
1493 3133 1596 3180 quod
1621 3134 1803 3170 nonnulla
1828 3135 1976 3172 Horatii
2003 3136 2168 3174 carmina
2193 3149 2277 3174 cum
2304 3137 2507 3175 decantata
2532 3151 2615 3178 esse

469 3184 634 3228 putaret,
658 3193 735 3217 non
760 3182 854 3218 satis
879 3184 983 3218 recte
1009 3181 1057 3218 de
1081 3182 1339 3219 Romanorum
1363 3161 1532 3218 moribus
1559 3183 1753 3228 cogitavit.

416 3232 445 3279 ⁸)
470 3232 527 3316 ge
537 3231 656 3325 {lac
646 3242 687 3267 re
712 3241 825 3277 aegre
850 3230 942 3277 fero,
933 3230 1074 3315 ,(1ιῖοᾱ
1095 3231 1254 3268 alteram
1272 3231 1426 3269 Martini
1451 3230 1539 3268 anni
1566 3230 1661 3267 1860
1680 3231 1987 3280 disputationem,
2005 3246 2081 3280 qus
2100 3234 2249 3272 uberius
2268 3234 2315 3272 de
2336 3234 2410 3273 hac
2428 3247 2469 3274 re
2488 3237 2614 3284 egisse

498 3292 547 3317 101
565 3292 611 3316 ur
645 3292 702 3315 ms
732 3291 829 3316 icere
854 3292 930 3316 non
983 3292 1005 3316 o
1024 3292 1063 3315 ιιι
1399 3307 1403 3310 «

418 3331 447 3376 ⁸)
474 3291 744 3374 Comparamti's
771 3328 932 3374 exempli
954 3292 1075 3365 {augg
1099 3328 1175 3364 duo
1202 3329 1379 3375 carmina,
1413 3339 1571 3374 quorum
1596 3329 1700 3374 prius
1726 3330 1755 3375 Ι,
1782 3329 1827 3364 19
1854 3331 1955 3376 quod
1980 3335 2104 3368 totum
2136 3332 2253 3368 habet
2284 3333 2528 3379 stropharum
2559 3334 2613 3370 di-

470 3377 709 3414 stinotionem
731 3377 853 3413 multo
879 3376 1069 3423 antiquius
1088 3377 1242 3413 Martini
1264 3377 1501 3414 conclusione
1521 3389 1603 3414 esse
1624 3378 1757 3415 debuit
1771 3391 1883 3425 quam
1899 3381 2060 3417 alterum
2075 3380 2130 3417 111
2144 3380 2204 3427 24,
2221 3381 2323 3427 quod
2340 3385 2485 3429 septem
2498 3383 2613 3419 habet

473 3426 649 3472 strophas
674 3437 750 3462 non
774 3426 910 3471 impari
934 3426 1078 3462 formae
1103 3429 1143 3462 et
1167 3427 1381 3482 argumenti
1405 3426 1496 3471 fipe3
1528 3437 1590 3462 res
1616 3430 1743 3463 autem
1767 3428 1877 3464 aliter
1902 3440 1943 3464 se
1967 3430 2094 3475 habet,
2120 3441 2205 3467 cum
2230 3430 2437 3467 secundum
2461 3431 2613 3467 ffinkii

468 3475 589 3511 fastos
608 3474 836 3511 Horatianos
858 3474 1089 3520 earm.I,19
1107 3476 1232 3511 ortum
1258 3474 1309 3511 sit
1333 3486 1431 3511 anno
1457 3486 1489 3510 a..
1506 3474 1590 3511 Chr.
1603 3486 1641 3511 ιι.
1657 3475 1836 3513 vicesimo
1863 3474 2172 3524 quinfo3111,24
2187 3490 2285 3515 ιιιιιιο
2311 3479 2612 3516 undetricesimo
