2846 3826
9 190 13 197 A
49 201 147 249 ²3³¹
151 192 371 276 scriptus
393 199 500 258 esse
527 210 706 268 ἀῖΰιιιη
735 177 966 268 hiiensis
1004 214 1092 270 (Nr.
1105 210 1193 269 21)
1229 206 1341 260 saec.
1371 186 1420 260 X.
1461 211 1518 271 (b.
1549 211 1585 269 β
1602 210 2188 265 mmmmm
2417 202 2428 209 ⁶
2456 204 2466 211 A
2518 209 2526 217 ⁴

79 3178 90 3186 x
114 3199 379 3256 tempora
408 3192 593 3236 sortasse
623 3191 821 3242 incident,
854 3200 898 3235 ut
926 3187 1057 3237 altera
1086 3205 1142 3249 pa

55 292 58 295 ’
100 295 148 321 ν’·
183 282 330 341 lensis.
359 297 469 329 saec
512 283 559 326 X.
585 284 664 339 (s);
705 270 948 328 secundum
979 283 1194 326 Kellerum
1232 287 1297 336 σ),
1338 283 1576 328 'turicensis
1614 295 1726 327 saec
1755 282 1805 326 Χ.
1846 276 1940 339 (Τ);
1964 274 2183 342 denique
2192 273 2448 337 Βειιιθιιήν
2495 272 2521 341 ζ

71 378 75 385 1
184 366 297 397 saec.
316 353 376 396 Χ
409 353 474 409 (c).
533 354 686 411 Neque
717 368 820 396 vero
850 344 1105 397 lectionibus
1136 353 1218 397 hoi
1220 369 1292 397 um
1322 355 1514 412 quinque
1545 352 1745 397 codicum
1775 351 1939 397 collatis
1970 352 2159 399 Orellius
2187 352 2292 398 satis
2319 345 2475 399 semeso
2501 357 2620 401 m

185 421 291 466 alios
333 421 519 481 neglexit
560 422 638 466 sed
679 423 865 481 integras
900 422 1088 466 Lambini
1121 423 1317 481 Crucquii
1348 422 1555 467 Torrentii
1596 420 1734 465 attulit
1763 421 2002 471 varietates,
2039 423 2220 467 aliorum
2260 429 2303 466 et
2339 421 2537 467 codicum
2564 427 2621 478 οἱ
2770 473 2776 482 Ι

186 492 432 537 criticorum
471 491 684 551 siquidem
716 490 936 538 mentione
968 493 1119 552 dignae
1153 492 1400 550 yiderentur
1426 492 1642 562 lectiones
1683 490 1934 541 adnotaxid
1972 492 2090 550 ipsas
2131 491 2306 537 Bentleii
2346 499 2390 536 et
2423 489 2645 548 Meinekii'
2694 540 2697 547 ,
2740 489 2745 498 “

186 562 456 624 suspiciones
498 563 673 620 protulit
712 564 767 605 ita
807 570 854 606 ιιι
890 563 1224 620 perfectissimus
1265 563 1466 606 omnibus
1510 562 1698 605 numeris
1740 569 1970 620 apparatus
2000 563 2181 613 criticus,
2223 562 2294 641 qui
2325 562 2488 613 dicitur,
2522 574 2620 619 per·

175 632 326 685 'fectus
356 641 474 677 esset
504 632 720 676 Orelliana
750 633 938 677 editione
959 633 998 689 ΙΙ).
1046 634 1142 686 Quo
1174 634 1306 677 modo
1331 641 1561 691 postquam
1581 631 1649 675 vel
1671 630 1959 675 firmissimum
1984 632 2127 689 posuit
2154 631 2274 691 qua'si
2293 631 2620 677 fundamentum
2680 623 2684 625 ⁸
2774 632 2837 698 ,f'¹

188 702 360 754 Horatii,
390 703 431 747 in
462 699 559 761 ipso
589 703 913 760 interpretando
953 710 1040 765 tres
1072 703 1340 761 potissimum
1372 711 1546 748 s‹cutus
1587 710 1653 747 est
1684 702 1884 752 rationes,
1924 702 2107 761 primum
2138 717 2235 747 cum
2275 702 2409 748 nullas
2448 708 2620 761 praeter
2686 707 2696 737 ³-
2728 707 2756 766 θ’
2806 699 2837 735 4

188 761 296 819 {uas
326 774 572 819 admitteret
601 774 868 818 coniecturcs
900 784 988 817 tum
1021 774 1210 817 omnium
1244 775 1435 852 pri-orum
1468 775 1845 831 interpretatorum
1876 773 1987 817 notis
2009 773 2275 831 perlustratis
2299 787 2411 833 quae
2440 772 2547 817 scite
2575 781 2620 817 et
2811 768 2834 795 ὅ

183 842 288 903 *apte
329 845 439 889 dicta
470 836 718 889 viderentur
756 844 897 887 omnia
938 845 1175 891 adnotaiet
1218 844 1406 903 deniquo
1445 843 1636 888 crebrius
1674 857 1802 902 quam
1844 843 1910 887 alii
1951 844 2160 888 insereret
2200 844 2321 889 locos
2350 843 2507 888 similes
2535 842 2619 888 hoc

125 923 135 970 g
188 914 379 966 oonsilio,
408 922 455 958 ut
484 914 831 959 adolescentibus
852 915 1023 958 Horatio
1056 928 1232 973 operam
1265 915 1425 958 daturis
1455 923 1498 958 et
1517 929 1580 957 vn
1585 930 1632 965 ι5
1662 914 1733 972 qui
1764 914 1853 957 aliis
1884 913 2035 959 officiis
2065 914 2240 958 districti
2271 914 2484 958 interdum
2513 927 2619 973 poe-

190 993 279 1029 tam
306 986 514 1043 legerent,
554 985 633 1027 libi
638 1001 706 1026 um
740 1000 866 1042 quam
906 986 1304 1028 commodissimum
1347 985 1585 1042 praeberet.
1648 985 1929 1041 Respondere
1959 998 2137 1042 quoque
2167 984 2236 1034 illi,
2274 999 2405 1042 quem
2441 984 2621 1043 profert.
2814 1027 2831 1036 ,⁴

190 1054 281 1098 fini
290 1055 473 1104 videtur,
513 1055 631 1112 quod
660 1054 862 1098 omnibus
894 1055 993 1098 rixis
1034 1064 1077 1097 et
1107 1059 1193 1098 tam
1223 1055 1474 1113 pervulgato
1515 1068 1612 1098 cum
1650 1053 1741 1098 aliis
1781 1053 2036 1112 digladiandi
2074 1060 2118 1097 et
2160 1052 2435 1113 depugnandi
2474 1052 2618 1106 studio
2688 1092 2692 1095 .
2738 1101 2743 1106 ,

190 1121 388 1169 abstinet
448 1124 616 1177 Quanta
645 1131 789 1169 autem
825 1138 923 1169 cuia
956 1123 1261 1183 interpretandi
1293 1137 1449 1168 munus
1480 1123 1730 1182 susceperit
1768 1137 1855 1167 non
1886 1123 2027 1167 solum
2056 1129 2237 1182 apparet
2266 1122 2618 1168 adnotationibus
2688 1147 2713 1160 »ι
2732 1126 2744 1163 ³5

190 1201 253 1236 tot
283 1202 326 1237 et
355 1201 482 1237 tanto'
506 1194 781 1238 cum-labore
804 1195 1056 1250 conscriptis
1088 1194 1166 1235 sed
1197 1194 1324 1235 etiam
1351 1193 1615 1243 excursibus,
1646 1195 1718 1253 qni
1743 1195 1952 1240 dicuntur.
1983 1194 2137 1238 additis
2168 1194 2325 1251 quibus
2356 1193 2616 1238 difficiliores
2802 1182 2824 1209 ”²

193 1278 342 1306 versus
372 1262 549 1307 uberius
581 1265 858 1320 explicentur.
907 1264 1050 1319 ltaque
1084 1263 1227 1305 nescio
1260 1279 1360 1305 num
1392 1263 1623 1322 quisquam
1648 1264 1817 1321 dignior
1846 1263 1898 1306 sit
1928 1278 2094 1307 summa
2126 1263 2316 1306 omnium
2336 1262 2464 1308 laude
2485 1257 2619 1322 quam*

192 1333 390 1379 Orellius.
425 1359 476 1367 4-
506 1335 700 1394 Attamen
734 1347 816 1377 una
850 1340 913 1376 cst
944 1346 1026 1380 res,
1058 1347 1153 1391 qua,
1184 1340 1391 1392 quantum
1421 1348 1504 1395 ego
1534 1333 1635 1384 scio,
1664 1332 1718 1378 ab
1749 1332 1841 1378 aliis
1867 1332 2024 1377 Horatii
2055 1331 2455 1393 interpretatoribus
2485 1345 2615 1392 supe-

190 1395 334 1457 ratur;⁸
364 1417 462 1448 cum
499 1403 675 1462 singulis
712 1403 887 1462 quidem
925 1403 1187 1460 explicandis
1225 1404 1358 1446 multo
1401 1405 1607 1449 maiorem
1653 1405 1864 1447 navaverit
1913 1418 2090 1461 operam
2142 1417 2269 1461 quam
2319 1404 2615 1462 investigando

192 1474 322 1516 totius
353 1466 551 1517 carminis
582 1481 837 1537 argumento
867 1480 910 1515 et
940 1472 1210 1515 exhibendae
1241 1472 1390 1515 rationi
1423 1473 1630 1530 poeticae.
2635 1472 2637 1474 ’

414 1541 615 1593 Aliorum,
645 1543 718 1603 qui
754 1541 911 1586 eodem
943 1540 1032 1584 sere
1063 1548 1259 1600 tempore
1290 1542 1332 1586 in
1362 1542 1533 1587 Horatio
1565 1543 1835 1588 recensendo
1868 1543 2020 1587 versati
2051 1550 2163 1590 sunt.
2193 1542 2435 1587 criticorum
2467 1555 2615 1602 quam-

191 1625 321 1672 quam
362 1613 429 1656 alii
458 1612 723 1664 aliam-viam
764 1620 805 1654 ct
832 1612 1045 1654 rationem
1088 1613 1127 1653 in
1159 1620 1249 1654 arte
1280 1614 1419 1656 critica
1457 1614 1767 1672 sequebantur,
1809 1622 1949 1656 tamen
1989 1615 2029 1655 in
2069 1628 2121 1656 eo
2160 1614 2455 1662 consentiunt,
2496 1613 2615 1672 quod

191 1698 342 1727 omnes
367 1683 712 1741 Peerlkampium
731 1682 1014 1725 refellendum
1045 1681 1124 1725 sibi
1155 1693 1487 1740 proposuerunt.
1535 1684 1847 1728 praetermissis
1867 1683 2047 1734 silentio,
2078 1698 2132 1728 ne
2163 1683 2330 1742 longius
2353 1683 2617 1742 producatur

191 1754 442 1813 disputatio,
482 1749 634 1797 Mo'seri
674 1752 939 1813 Bernhardyi
981 1752 1157 1796 Obbarii
1198 1753 1420 1797 Eichst‘a'dii
1461 1755 1591 1799 Reinii
1630 1755 1685 1799 de
1715 1754 1792 1798 hac
1832 1768 1878 1797 re
1916 1753 2138 1798 sententiis
2179 1754 2401 1813 quomodo
2441 1752 2614 1799 Jahnius

190 1825 488 1883 Peerlkampio
530 1838 708 1882 operam
747 1823 836 1866 dari
868 1823 1060 1873 voluerit,
1097 1839 1436 1869 commemorare
1466 1826 1600 1879 iuvat;
1630 1825 1787 1870 etenim
1819 1824 2033 1883 duplicem
2062 1824 2171 1869 illius
2203 1824 2458 1870 diiudicandi
2487 1824 2614 1870 ratio-

190 1908 289 1938 nem
319 1894 605 1941 commendat,
640 1901 713 1937 aut
744 1900 791 1936 ut
819 1907 988 1937 errores
1020 1894 1091 1952 qui
1131 1894 1215 1939 sint
1246 1895 1528 1954 Peerlkampii
1559 1895 1829 1953 explicentur
1865 1902 1934 1938 aut
1969 1903 2014 1938 ut
2042 1895 2151 1939 illius
2181 1896 2236 1939 de
2266 1895 2538 1954 grammatica
2566 1909 2614 1939 re

189 1965 361 2008 metrica
391 1964 713 2022 anticuitatibus
742 1970 859 2005 recte
891 1964 1070 2020 cogitata
1112 1966 1364 2022 colligantur
1400 1965 1667 2023 collectaque
1698 1966 1739 2007 in
1770 1965 1913 2023 legum
1944 1966 2102 2010 formas
2134 1966 2402 2023 redigantur3
2432 1979 2612 2023 quarum

187 2035 404 2078 rationum
440 2034 548 2077 hanc
581 2048 719 2083 nemo,
759 2032 871 2075 illam
902 2032 991 2075 fere
1034 2048 1141 2077 unus
1172 2041 1344 2078 secutus
1385 2043 1463 2084 est
1499 2035 1533 2079 si
1576 2034 1798 2093 exceperis
1842 2034 2072 2080 nonnullos
2114 2035 2246 2095 magis
2286 2048 2404 2104 suae,
2419 2047 2613 2093 ipsorum

186 2104 361 2147 rationis
392 2102 694 2147 defendendae
716 2116 845 2160 quam
866 2102 1145 2160 Peerlkampii
1176 2104 1268 2147 sine
1299 2105 1357 2147 ira
1387 2105 1664 2163 impugnandi
1694 2105 1925 2148 studiosos.
1974 2103 2197 2148 Liibkerus
2227 2111 2294 2147 est
2317 2105 2396 2164 qui
2426 2104 2468 2147 in
2497 2118 2612 2148 com-

187 2174 397 2217 mentario
427 2188 508 2217 suo
530 2173 723 2222 odai-‚um
752 2179 937 2229 excepto
968 2171 1076 2215 libro
1098 2188 1204 2231 quai
1208 2183 1263 2223 to
1295 2174 1456 2218 Orellio
1487 2183 1663 2218 auctore
1694 2175 1930 2219 carminum
1961 2174 2246 2234 integritatem
2267 2187 2292 2217 a
2311 2172 2611 2233 Peerlkampio

188 2244 446 2288 defensurus
487 2243 530 2287 id
549 2244 655 2302 agit,
696 2253 739 2285 ut
770 2242 969 2285 ostendat
1012 2249 1052 2285 et
1090 2258 1202 2301 quae
1242 2244 1428 2301 pericula
1459 2261 1512 2289 ex
1543 2245 1610 2289 illa
1644 2245 1952 2303 interpretandi
1984 2243 2297 2290 consuetudine
2327 2257 2439 2304 quae
2470 2244 2611 2289 omnia

187 2314 242 2358 ad
272 2330 398 2359 suum
437 2313 648 2371 cuiusque
688 2312 741 2356 de
783 2312 1096 2370 pulchritudine
1136 2321 1179 2356 et
1210 2313 1419 2373 elegantia
1449 2315 1649 2360 iudicium
1681 2315 1849 2365 reserat,
1892 2314 2216 2374 proficiscantur
2256 2318 2436 2359 necesse
2475 2314 2531 2359 sit
2570 2322 2612 2359 et
2829 2258 2846 2376 ἓ

189 2398 318 2444 quam
357 2385 498 2428 minus
535 2396 748 2442 persaepe
793 2383 903 2426 odae
943 2396 966 2425 a
1004 2382 1302 2441 Peerlkampio
1332 2393 1589 2442 amputatae·
1610 2399 1758 2429 verum
1789 2392 1833 2429 et
1874 2384 2098 2443 pulchrum
2135 2399 2313 2429 sensum
2353 2383 2608 2443 praebeant;
2738 2427 2740 2429 .
2829 2378 2846 2457 ξ

186 2469 329 2500 errare
360 2456 517 2500 deinde
547 2469 637 2504 eos,
676 2454 752 2511 qui
788 2468 885 2497 cum
924 2453 1092 2497 nimiam
1130 2454 1426 2499 auctoritatem
1468 2454 1654 2500 tribuant
1684 2455 1905 2509 formis-et
1935 2454 2135 2514 strophis,
2175 2469 2334 2499 novum
2363 2454 2602 2499 secundum
2824 2463 2846 2882 1

186 2525 296 2570 hanc
324 2525 535 2570 rationem
549 2523 756 2568 librorum
788 2523 984 2567 ordinem
1014 2523 1250 2568 instaurare
1269 2525 1398 2568 velint
1428 2535 1471 2569 et
1501 2527 1573 2586 qui
1604 2526 1735 2570 multa
1758 2525 1984 2570 Horatiana
2013 2540 2037 2569 a
2067 2539 2212 2570 rerum
2230 2525 2407 2569 veritate
2428 2532 2605 2570 avocata

186 2595 241 2642 ad
273 2592 501 2641 obscuram
532 2594 747 2655 quandam
778 2593 1007 2654 imaginum
1036 2593 1354 2640 similitudinem
1383 2596 1651 2640 transferant.
1710 2598 1849 2657 Atque
1878 2596 1969 2640 iure
2011 2595 2198 2656 quidem.
2258 2596 2410 2655 Neque
2442 2595 2605 2639 minore

187 2666 341 2727 dignus
374 2666 540 2711 videtur
576 2666 715 2716 laude,
757 2664 876 2725 quod
916 2665 1069 2708 multas
1109 2673 1151 2707 et
1192 2666 1296 2710 scite
1335 2667 1540 2726 cogitatas
1581 2667 1636 2710 de
1666 2667 1937 2727 grammatica
1967 2668 2246 2726 quaestiones
2286 2666 2464 2710 inseruit
2492 2679 2610 2711 com-

186 2738 395 2779 mentario
425 2745 468 2778 et
495 2737 589 2784 illis,
621 2751 731 2794 quae
761 2737 829 2778 alii
861 2736 902 2776 in
932 2736 1278 2792 Peerlkampium
1308 2739 1463 2780 iactare
1493 2737 1703 2786 solebant,
1733 2737 1936 2781 conviciis
1965 2737 2180 2780 abstinuit.

379 2848 407 2891 ¹)
432 2846 541 2891 Quod
568 2845 720 2891 quidem
748 2844 912 2881 maxime
940 2846 1041 2881 valet
1068 2846 1114 2882 de
1141 2846 1303 2883 editione
1328 2847 1452 2892 tertia,
1478 2846 1618 2884 Baiteri
1644 2858 1734 2884 cure
1758 2846 1969 2892 recognita.
2003 2867 2038 2872 -

410 3050 512 3096 Exili
550 3051 721 3095 scholae
765 3050 927 3095 aerario
969 3049 1214 3115 prohibeor,
1239 2990 1347 3110 ‚qiit

246 3096 253 3103 ,
1437 3066 1488 3104 us
1518 3038 1647 3112 “plura
1682 3051 1860 3107 addam;
1900 3065 2030 3111 quam
2069 3065 2159 3095 rem
2201 3064 2255 3095 eo
2295 3051 2463 3111 aegrius
2503 3051 2609 3105 fero,

183 3122 303 3181 quod
333 3121 517 3179 parvulis
558 3122 658 3165 mihi
697 3121 913 3165 concessis
955 3120 1110 3165 finibus
1147 3122 1217 3165 nul

1481 3122 1641 3168 exitum
1665 3122 1826 3187 'operis
1867 3122 2075 3171 inlucem
2117 3122 2312 3180 proferre
2343 3123 2464 3181 potui
2476 3138 2488 3174 3
2526 3122 2606 3168 sed

1466 3206 1475 3216 ·
1503 3191 1709 3252 ea„quae
1738 3191 1821 3237 hoc
1846 3191 1995 3252 libello
2026 3191 2337 3236 desiderantur.
