2846 3826
1384 129 1480 181 XV

225 291 373 337 parvo,
401 285 532 333 quem
548 274 750 317 statuunt,
778 267 1157 333 interpolationum
1187 287 1382 323 numero,
1410 270 1516 330 quid
1544 279 1611 314 est
1642 269 1762 328 quod
1792 284 1872 312 nos
1901 268 2104 311 inducere
2133 268 2281 325 possit,
2311 273 2357 309 ut
2385 266 2434 310 iis
2450 263 2632 310 eandem

223 355 355 407 atque
385 339 683 399 Peerlkampio
714 337 882 383 Prienio
913 339 1088 385 Martino
1129 341 1365 388 tribuamus
1404 341 1585 389 curam?
1636 339 1814 384 Maxime
1851 338 1934 381 hoc
1964 336 2074 380 valet
2104 337 2197 380 de
2186 338 2248 387 iis,
2288 337 2360 395 qui
2401 336 2561 393 passim
2589 337 2631 380 in

224 413 398 461 Horatio
427 408 700 456 emendando
730 408 885 452 versati
922 410 1136 455 nonnullis
1164 412 1420 457 carminibus
1452 410 1617 456 urendo
1647 408 1836 454 secando
1878 407 2127 451 medicinam
2157 422 2204 451 se
2233 406 2480 452 adhibuisse
2511 417 2632 467 puta-

224 486 328 529 bant
356 484 436 527 sed
466 497 553 525 non
585 479 784 523 omnibus
813 480 970 522 Horatii
1000 481 1254 525 carminibus
1295 483 1418 526 editis
1449 482 1551 541 quid
1581 481 1789 523 sentirent
1820 479 1874 521 de
1905 477 2314 534 interpolationibus,
2343 478 2528 521 dilucide
2557 479 2632 521 de-

223 551 531 599 monstrabant.
598 550 706 592 Sunt
744 555 894 591 autem·
929 548 968 591 hi
1007 549 1300 596 Lachmannus
1338 551 1570 596 Ellendtius
1610 548 1914 608 Bernhardyus
1952 546 2019 590 alii
2060 561 2242 605 quorum
2280 547 2314 591 si
2356 549 2452 608 quis
2490 548 2630 592 studia

224 623 457 669 accuratius
498 633 763 678 cognoscere
793 619 904 668 velit,
935 620 1112 679 Gruppii
1143 622 1367 667 docebitur
1396 623 1517 672 libro,
1546 621 1619 679 qui
1650 620 1716 663 vel
1746 618 2065 676 diligentissime
2096 618 2283 661 omnium
2313 634 2463 663 eorum
2496 622 2630 663 nomi-

224 692 349 736 nibus
380 692 452 751 qui
481 689 635 733 florent
665 688 914 732 auctoritate
942 690 1057 746 apud
1087 690 1282 734 homines
1313 692 1466 735 doctos
1497 690 1617 751 quasi
1647 696 1769 732 scuto
1800 698 1843 731 et
1873 686 2087 744 praesidio
2118 702 2221 730 usus
2252 696 2326 732 est.
2361 715 2407 719 —

446 762 610 805 Omnes
640 774 751 817 quos
781 759 912 802 modo
943 762 1286 804 enumeravimus
1316 762 1444 805 critici
1473 775 1570 804 cum
1592 758 1810 803 codicibus
1841 772 2011 814 parvam
2044 756 2111 799 vel
2144 757 2297 801 nullam
2327 758 2455 803 fidem
2483 769 2630 804 aucto-

222 833 475 891 ritatemque
504 829 740 874 tribuerent
779 836 822 872 et
852 827 1097 888 ubicunqne
1127 830 1182 874 de
1214 830 1613 887 interpolationibus
1644 828 1961 886 suspicarentur
1991 836 2034 871 et
2065 828 2314 872 necessitate
2344 829 2627 876 subveniendi

221 913 264 948 et
291 901 493 947 medendi
522 900 689 977 cognita
714 898 967 941 medicinam
997 907 1159 943 tantum
1189 915 1241 944 ex
1261 914 1337 944 sua
1358 901 1542 959 quisque
1567 906 1709 942 mente
1739 897 1890 941 afferre
1910 895 2077 946 vellent,
2109 906 2374 956 quantopere
2393 900 2434 943 in
2454 914 2626 945 errores

221 973 468 1017 incidissent
498 971 539 1012 in
569 969 617 1012 iis
648 981 760 1026 quae
788 981 918 1024 supra
949 969 1239 1013 demonstrata
1270 978 1368 1014 sunt
1397 971 1499 1013 satis
1530 969 1763 1026 explicasse
1794 967 1891 1009 mihi
1924 966 2084 1008 videor

443 1041 600 1085 Restat,
640 1045 686 1080 ut
727 1037 781 1080 de
810 1037 859 1080 iis
889 1036 1076 1081 breviter
1113 1040 1382 1086 disseramus
1423 1040 1495 1097 qui
1524 1038 1679 1081 Horatii
1708 1037 1761 1080 ab
1792 1037 1870 1079 illis
1900 1036 2153 1078 adversariis
2183 1016 2438 1082 defendendi
2469 1056 2625 1083 munus

220 1110 501 1170 susceperint.
561 1110 698 1165 Atque
727 1105 809 1150 hoc
839 1106 935 1151 loco
967 1125 990 1151 e
1020 1124 1066 1152 re
1096 1124 1194 1154 esse
1218 1110 1400 1161 videtur,
1429 1117 1475 1152 ut
1506 1109 1625 1166 quasi
1654 1109 1813 1152 aditum
1845 1107 2048 1150 faciamus
2079 1120 2129 1148 ex
2162 1106 2237 1149 illis
2269 1108 2625 1153 obtrectatoribus

221 1182 276 1227 ad
304 1180 630 1225 Horatianorum
661 1176 893 1219 carminum
933 1176 1197 1229 defensores,
1236 1177 1465 1222 nonnullos
1495 1191 1845 1226 commemorare,
1883 1176 1954 1235 qui
1985 1175 2178 1234 quamvis
2209 1175 2262 1219 (le
2293 1177 2607 1237 interpolationi

221 1252 302 1297 bus
332 1251 532 1309 cogitent.
571 1255 711 1290 tamen
743 1260 829 1289 non
865 1247 923 1290 'ad
968 1247 1008 1290 id
1049 1263 1097 1291 se
1138 1249 1278 1292 induci
1312 1249 1535 1306 patiantur,
1574 1256 1617 1290 ut
1657 1248 1853 1291 codicum
1892 1245 2188 1289 auctoritatem
2226 1247 2349 1303 plane
2390 1251 2624 1308 neglegant.

222 1323 329 1367 Sunt
364 1321 407 1366 hi
435 1317 641 1375 Hauptius
670 1315 857 1374 Paulyus
888 1317 1100 1368 Miillerus‚
1139 1332 1323 1396 quorum
1363 1318 1524 1376 primus
1564 1316 1775 1360 nonnullis
1816 1315 1989 1375 quidem
2032 1315 2218 1373 strophis
2257 1317 2296 1360 in
2336 1321 2623 1377 suspicionem

221 1389 383 1433 vocatis
413 1389 455 1431 in
485 1387 533 1430 iis
565 1400 675 1445 quae
705 1399 796 1429 rem
825 1399 1085 1445 causamque
1115 1388 1297 1431 maxime
1327 1388 1557 1435 continent,
1587 1386 1762 1430 Bentleii
1792 1393 1955 1429 textum
1977 1385 2171 1443 sequitur
2193 1401 2333 1445 neque
2363 1402 2386 1431 a
2405 1388 2622 1432 Blandinio

222 1457 491 1503 vetusissimo
517 1456 609 1499 sine
633 1468 796 1499 summa
824 1457 1076 1500 necessitate
1106 1457 1412 1501 discedendum
1443 1457 1608 1506 iudicat,
1634 1456 1740 1498 alter
1764 1462 1934 1513 pr·aetei
1952 1453 2216 1497 Blandinium
2239 1455 2353 1498 illum
2382 1471 2541 1515 paucos
2570 1472 2621 1501 ex

219 1528 380 1587 ingenti
400 1525 595 1570 codicum
616 1524 739 1569 turba
758 1525 980 1582 eligendos
1005 1540 1114 1576 esse,
1141 1542 1252 1585 quos
1281 1535 1508 1589 sequatur;
1537 1527 1609 1570 ubi
1634 1535 1776 1569 autem
1800 1526 1854 1568 illi
1878 1532 2042 1568 rectum
2066 1533 2108 1567 et
2138 1526 2310 1583 dignum
2339 1541 2513 1570 sensum
2539 1542 2622 1570 non

221 1596 468 1656 praebeant,
483 1603 572 1638 tum
591 1595 765 1638 demum
781 1594 1033 1638 medicinam
1052 1596 1221 1640 aliunde
1240 1597 1412 1653 petitam
1435 1610 1532 1640 esse
1551 1595 1834 1639 adhibendam
1860 1594 2024 1647 statuit;
2051 1594 2197 1638 tertius
2216 1595 2400 1654 denique
2418 1596 2624 1638 Lucianus

220 1666 433 1716 Miillerus,
463 1665 527 1708 vir
556 1664 839 1713 doctissimus,
869 1664 940 1724 qui
974 1665 1014 1707 in
1046 1665 1233 1710 editione
1262 1680 1339 1710 sua
1357 1665 1581 1710 Horatiana
1611 1678 1706 1708 cum
1738 1664 1793 1708 de
1823 1664 1997 1708 metrica
2028 1663 2240 1709 uberrime
2255 1672 2298 1709 et
2315 1665 2624 1724 sapientissime

214 1738 307 1797 *egit
345 1745 434 1780 tum
474 1737 528 1779 de
567 1734 968 1792 interpolationibus
1011 1750 1142 1793 pauca
1181 1738 1340 1785 attulit,
1381 1737 1606 1779 maximam
1648 1743 1808 1793 partem
1851 1750 1898 1777 se
1935 1749 1959 1777 a
1991 1735 2182 1778 Meinekii
2214 1736 2402 1792 partibus
2432 1743 2544 1778 stare
2581 1743 2625 1777 et

222 1822 396 1852 omnem
425 1805 707 1857 temeritatem
737 1804 790 1847 ab
821 1804 887 1847 illa
919 1805 972 1847 de
1003 1805 1402 1862 interpolationibus
1443 1805 1698 1863 quaestione
1737 1804 2048 1861 segregandam
2078 1819 2175 1848 esse
2215 1804 2444 1861 profitetur.
2504 1806 2623 1856 Quae

221 1877 331 1921 illius
361 1874 582 1929 sententia,
611 1874 646 1917 si
675 1873 872 1917 conferas
903 1874 1020 1932 quod
1052 1875 1255 1919 insertum
1297 1883 1362 1918 est
1391 1875 1526 1918 annal.
1560 1874 1659 1933 phil.
1690 1889 1725 1916 a.
1761 1878 1877 1923 1868,
1907 1872 2182 1917 confirmatur
2213 1873 2422 1917 nonnullis
2452 1874 2554 1917 scite
2584 1882 2626 1916 et

222 1947 458 2005 prudenter
486 1945 623 1994 dictis3
665 1944 847 1988 refutata
877 1958 1039 1997 eorum,
1080 1946 1152 2003 qui
1188 1954 1300 1989 totas
1332 1946 1437 1989 odas
1466 1952 1689 2001 suspectas
1720 1944 1888 1992 habent,
1916 1945 2127 1986 sententia
2157 1944 2366 2000 strophas.
2397 1944 2465 1986 ubi
2497 1944 2625 2001 pluri-

221 2030 351 2066 mum,
381 2013 610 2058 duodecim
640 2013 807 2070 spurias
837 2026 934 2056 esse
964 2014 1172 2063 concedit,
1202 2028 1297 2057 cum
1324 2028 1400 2058 eos
1430 2026 1573 2056 errare
1605 2026 1857 2070 persuasum
1879 2012 2043 2061 habeat,
2073 2013 2144 2070 qni
2173 2020 2343 2070 poetam
2365 2013 2429 2056 vel
2460 2012 2626 2071 perfec-

220 2085 431 2129 tissimum
460 2090 613 2141 putent
641 2090 713 2124 aut
743 2082 1020 2125 fraudulentis
1051 2083 1271 2125 hominum
1301 2084 1451 2126 animis
1480 2091 1544 2125 tot
1574 2082 1924 2139 interpolationes
1955 2081 2153 2124 tribuant
2188 2104 2234 2114 -—

443 2157 582 2211 Atque
619 2152 659 2195 in
691 2151 755 2195 his
785 2151 929 2200 etiam,
971 2152 1042 2209 qui
1080 2153 1239 2195 Horatii
1278 2154 1510 2197 carminum
1551 2153 1834 2209 integritatem
1874 2152 2191 2194 defendendam
2229 2153 2449 2194 subierunt
2489 2161 2532 2194 et
2572 2154 2626 2195 ad

221 2222 575 2281 interpretandas,
606 2229 650 2264 ut
679 2234 726 2264 se
755 2219 924 2268 habent,
955 2220 1059 2264 odas
1089 2220 1178 2264 fere
1210 2236 1338 2265 omne
1368 2221 1557 2265 studium
1588 2229 1909 2266 revocaverunt
1939 2220 2097 2265 exstitit
2118 2220 2276 2264 crimen
2306 2221 2417 2264 hand
2448 2221 2542 2265 leve
2573 2201 2649 2264 de?-

224 2292 489 2351 singulorum
520 2291 715 2335 codicum
747 2303 857 2349 quae
888 2289 935 2333 iis
966 2288 1191 2334 tribuenda
1221 2291 1274 2334 sit
1303 2290 1388 2334 fide
1418 2298 1460 2333 et
1489 2290 1748 2341 auctoritate,
1779 2291 1996 2350 quoniam,
2027 2298 2072 2334 ut
2100 2290 2182 2334 iam
2204 2305 2331 2350 supra
2361 2290 2627 2335 demonstra-

221 2364 371 2411 vimus,
409 2363 475 2406 alii
512 2362 601 2405 aliis
631 2360 747 2404 libris
779 2361 1061 2417 principatum
1088 2362 1340 2404 concedunt.
1400 2363 1668 2418 Quamquam
1699 2363 1810 2404 enim
1841 2362 2027 2410 suerunt,
2055 2362 2127 2419 qui
2158 2362 2397 2404 doctissime
2428 2362 2483 2403 de
2512 2362 2629 2404 codi—

222 2447 320 2479 cum
350 2445 508 2492 genere
547 2438 590 2475 et
628 2429 876 2475 auctoritate
908 2437 949 2473 et
984 2429 1117 2488 stirpe
1156 2437 1332 2490 agerent
1385 2459 1397 2463 -
1444 2445 1630 2490 quorum
1669 2430 1709 2474 in
1752 2446 1929 2475 numero
1960 2429 2216 2475 Kirchnerus
2257 2431 2414 2489 optime
2452 2431 2629 2475 meritus

223 2517 320 2548 esse
341 2503 506 2546 videtur
537 2526 587 2533 --
619 2501 722 2558 ipsis
753 2501 909 2544 nostris
939 2499 1210 2558 temporibus
1232 2501 1402 2544 codices
1433 2501 1542 2544 inter
1569 2514 1666 2545 sese
1687 2509 1990 2559 comparantur
2005 2500 2346 2560 comparatisque
2375 2514 2450 2545 sua
2473 2501 2630 2561 cuique

222 2572 450 2616 auctoritas
481 2570 689 2614 tribuitur.
741 2571 890 2627 Neque
921 2584 1023 2613 vero
1055 2570 1156 2612 tanti
1188 2572 1392 2613 momenti
1422 2586 1520 2614 esse
1544 2571 1714 2614 videtur
1742 2572 1824 2614 hoc
1846 2572 2084 2619 discrimen,
2112 2585 2207 2613 cum
2238 2573 2276 2612 in
2304 2585 2357 2613 eo
2388 2572 2506 2628 quod
2537 2586 2629 2614 rem

222 2655 481 2701 causamque
513 2639 694 2684 maxime
724 2639 913 2684 continet
942 2639 1185 2684 consentire
1211 2639 1395 2691 codices,
1426 2639 1596 2685 differre
1627 2639 1802 2699 singulis
1833 2640 1969 2698 iisque
1999 2639 2163 2685 levibus
2193 2643 2321 2685 rebus
2342 2640 2455 2684 velut
2483 2641 2630 2685 ortho-

222 2711 397 2770 graphia
425 2710 754 2770 interpungendi
783 2710 946 2752 ratione
976 2709 1209 2753 carminum
1239 2710 1387 2753 ordine
1417 2710 1518 2754 satis
1552 2718 1733 2754 constat

445 2783 530 2823 Iam
561 2795 676 2827 vero,
715 2780 747 2822 si
780 2780 1023 2838 quaerimus
1065 2780 1175 2822 inte1
1204 2781 1458 2839 Perlkampii
1489 2781 1758 2823 adversarios
1794 2781 1860 2822 cui
1891 2781 2066 2823 tandem
2097 2781 2235 2839 palma
2260 2781 2311 2825 sit
2339 2781 2630 2832 concedenda,

223 2849 408 2895 Orellius
448 2850 719 2908 dignissimus
750 2850 928 2898 videtur
968 2850 1040 2907 qui
1083 2850 1282 2895 omnibus
1322 2860 1621 2908 praeponatur.
1681 2852 1831 2908 Neque
1873 2852 1956 2894 hoc
1984 2852 2149 2894 mirum.
2207 2853 2311 2894 Nam
2339 2866 2437 2894 cum
2468 2852 2631 2894 Peerlk.

222 2933 374 2964 omnes
405 2918 496 2964 fere
526 2919 729 2996 aequales
760 2934 846 2963 non
877 2918 1016 2963 minus
1046 2919 1302 2964 emendandi
1333 2920 1507 2964 audacia
1539 2935 1667 2978 quam
1698 2919 1994 2978 grammaticae
2024 2920 2085 2963 rei
2117 2920 2312 2964 metricae
2333 2920 2630 2978 antiquitatum

221 2989 396 3033 scientia
426 2996 661 3047 superaret,
690 2988 724 3032 is
753 2988 1116 3032 tantum1doneus
1146 2997 1237 3033 erat
1265 2991 1336 3048 qui
1369 2991 1409 3034 in
1474 2990 1633 3068 octpfni
1665 2998 1748 3032 tam
1779 3003 1891 3033 nova
1919 3003 2129 3048 prospere
2157 2992 2421 3048 procederet
2476 2990 2632 3037 lisdem

221 3058 445 3102 virtutibus
474 3073 523 3102 se
553 3059 803 3102 instructum
833 3072 930 3101 esse
955 3058 1139 3102 Orellius
1169 3061 1270 3102 satis
1301 3059 1431 3103 demo
1539 3061 1616 3101 axi
1645 3060 1713 3101 ed
1707 3060 1831 3102 tione
1861 3073 1938 3102 sua
1967 3060 2207 3109 Horatiana,
2236 3073 2346 3118 quae
2378 3060 2561 3116 primum
2591 3061 2632 3102 in

221 3127 360 3171 lucem
390 3127 549 3185 prodiit
577 3128 708 3171 Turici
738 3142 849 3170 anno
881 3127 917 3169 h
949 3143 970 3170 s
1012 3127 1225 3170 tricesimo
1255 3129 1410 3185 septim
1526 3121 1541 3131 ”
1612 3134 1728 3175 1842,
1759 3128 1947 3186 denique
1979 3129 2144 3172 Baitero
2174 3129 2348 3187 quidem
2378 3137 2634 3173 recensente

220 3196 300 3242 sed
331 3197 474 3256 paucis
505 3198 674 3242 mutatis
708 3200 823 3242 1850.
872 3222 908 3228 -
941 3196 1125 3241 Primum
1156 3197 1329 3258 quidem
1619 3212 1669 3244 ac
1703 3212 1758 3247 re,
1790 3197 1910 3258 quod
1942 3212 2078 3242 novos
2115 3206 2159 3243 et
2188 3198 2240 3243 ad
2270 3197 2311 3243 id
2342 3207 2513 3258 tempus
2544 3200 2635 3245 fere

219 3269 389 3328 ignotos
428 3267 561 3314 libros
597 3282 726 3312 manu
764 3269 945 3326 scriptos
975 3268 1146 3311 Horatio
1187 3282 1364 3313 recense
1661 3278 1663 3280 ’
1701 3277 1744 3314 at
1774 3269 1829 3313 ita
1859 3261 2168 3319 utcarminum
2197 3268 2481 3329 integritatem
2511 3271 2632 3316 novis

220 3347 263 3382 et
292 3338 423 3382 firmis
461 3338 681 3396 praesidiis
718 3337 1001 3381 confirmaret.
1059 3340 1166 3381 Sunt
1202 3339 1243 3381 hi
1272 3340 1355 3383 cod
1745 3374 1752 3381 .
1783 3341 1880 3396 363)
1912 3341 1955 3382 B.
1973 3340 2002 3394 ι)
2045 3340 2118 3399 qui
2156 3354 2181 3383 a
2220 3340 2430 3384 monacho
2468 3341 2634 3385 Scotico

440 3450 469 3496 ¹)
495 3448 591 3495 Quid
616 3448 853 3487 adnotaverit
874 3449 1100 3487 Kirchnerus
1126 3450 1173 3487 de
1198 3451 1265 3486 illo
1292 3450 1378 3487 codi

1811 3450 1884 3487 lius
1910 3462 1955 3486 eo
1983 3463 2072 3486 usus
2099 3452 2159 3496 sit,
2184 3452 2270 3488 vide
2288 3453 2327 3488 in
2348 3454 2642 3498 programma-te,

496 3499 598 3546 quod
622 3499 855 3536 inscribitur:
888 3510 1009 3535 novae
1035 3500 1274 3545 quaestiones
1300 3499 1404 3548 Hora
2539 3521 2545 3526 ·
