2846 3826
1381 143 1427 194 11

191 279 346 340 dignus
376 285 468 323 erat
496 277 570 338 qui
598 276 816 336 legeretur
832 275 861 333 ι)
893 284 937 321 et
967 283 1138 334 praeter
1166 273 1395 334 Vergilium
1424 282 1468 319 et
1492 275 1732 321 Terentium
1754 276 1963 322 Suetonio
1992 285 2104 323 teste
2133 278 2175 323 in
2205 277 2363 324 scholis
2390 276 2613 339 legebatur

192 356 237 394 et
266 362 292 392 a
320 346 604 407 grammaticis
634 345 707 404 qui
742 343 1052 395 emendabant,
1081 343 1418 403 distinguebant,
1462 345 1739 390 annotabant.
1759 346 1877 391 velut
1904 345 2071 402 Probo,
2110 348 2222 393 notis
2258 346 2613 394 instruebatur—

193 419 314 479 quod
352 417 446 463 eius
481 422 638 476 poetae
676 413 889 473 permulta
931 413 1187 459 exstiterunt
1227 414 1424 473 exempla
1454 421 1497 460 et
1521 422 1692 478 poetae
1722 415 1933 477 lyraeque
1962 416 2197 463 amicorum
2229 425 2274 464 et
2312 417 2610 479 magistrorum

193 487 606 547 discipulorumque.
674 486 761 529 Iam
790 498 895 530 vero
925 497 1022 529 cum
1052 484 1388 536 consideramus,
1419 485 1493 544 qui
1522 493 1611 530 tum
1642 486 1768 531 suerit
1797 485 2014 532 scribendi
2044 488 2201 533 modus
2230 489 2423 534 celeritas
2452 488 2611 541 levitas,

193 571 273 616 per
311 571 360 601 se
399 563 534 614 patet,
571 555 671 598 inde
709 554 764 597 ab
802 554 1105 612 antiquissimis
1135 553 1403 611 temporibus
1434 556 1805 612 grammaticorum
1835 569 1937 600 cura
1965 557 2021 600 ad
2052 558 2348 603 emendandos
2376 558 2612 602 mendosos

193 626 327 671 libros
366 640 477 685 opus
518 625 672 675 fuisse,
712 637 738 668 e
768 637 854 683 quo
895 637 1074 668 numero
1115 623 1192 667 suit
1221 621 1412 674 Probus,
1452 624 1524 683 qui
1555 625 1761 669 Suetonio
1792 632 1968 671 auctore
1998 625 2180 684 Vergilio
2210 627 2384 671 Horatio
2415 627 2611 671 Terentio

194 697 302 741 tales
330 695 552 754 adscripsit
582 702 726 744 notas,
768 693 918 753 quales
948 693 1209 738 Aristarchus
1239 694 1446 740 Homero,
1486 701 1529 737 et
1568 695 1740 739 saeculo
1769 702 1893 740 sexto
1912 691 2152 740 ‘Mavortius
2179 696 2354 741 Horatio
2383 695 2610 742 addebant.

197 767 453 812 Exstiterunt
483 779 660 823 quoque
702 763 984 822 grammatici,
1022 764 1094 821 qui
1134 763 1306 807 Horatio
1346 763 1688 821 explicando
1724 778 1902 823 operam
1933 763 2093 809 dabant
2121 766 2200 810 sed
2230 766 2313 810 hoc
2341 766 2609 825 potissimum

195 835 398 896 agebant.
437 842 482 878 ut
521 834 641 879 locos
671 833 829 878 similes
861 847 916 878 ex
945 832 1033 877 aliis
1063 831 1310 877 auctoribus
1339 840 1538 891 sumptos
1568 834 1836 894 colligerent,
1874 847 2083 894 personas
2114 842 2157 879 et
2187 836 2359 881 nomina
2386 836 2610 881 Homtiana

196 906 595 965 interpretarentur,
639 911 801 949 textum
841 917 970 964 quam
1012 904 1294 949 rectissimum
1332 904 1586 958 redderent;
1631 905 1704 964 qui
1747 904 2038 949 commentarii
2082 904 2203 950 cuius
2247 906 2415 966 generis
2455 905 2611 951 fuerint

194 983 372 1035 apparet
409 974 581 1018 duobus
621 975 712 1024 illis,
752 975 823 1033 qui
855 974 1165 1034 Porphyrionis
1196 981 1239 1016 et
1268 974 1447 1017 Acronis
1487 976 1660 1017 nomina
1691 990 1794 1032 prae
1825 990 1872 1019 se
1911 976 2075 1028 serunt;
2118 990 2302 1034 quorum
2342 977 2448 1021 alter
2484 978 2609 1019 Pom-

194 1046 348 1104 ponius
377 1044 620 1104 Porphyrio
651 1044 751 1088 inde
782 1058 806 1087 a
836 1044 1131 1088 ducentesimo
1164 1058 1203 1100 p.
1236 1043 1332 1087 Chr.
1364 1059 1402 1086 n.
1433 1058 1546 1086 anno
1583 1059 1721 1103 usque
1751 1046 1804 1089 ad
1836 1045 2178 1090 ducentesimum
2208 1047 2609 1105 quinquagesimum

194 1115 347 1159 vixisse
385 1121 429 1158 et
468 1113 627 1158 scholia
665 1113 845 1173 logicam
883 1113 1137 1157 rhetoricam
1178 1113 1493 1172 grammaticam
1535 1114 1826 1172 respicientia,
1864 1129 1959 1160 cum
2001 1115 2095 1173 ipse
2135 1115 2352 1161 Africanus
2391 1125 2528 1170 esset,
2566 1116 2607 1160 in

193 1185 484 1228 Africanorum
513 1198 640 1227 usum
669 1184 893 1240 scripsisse
924 1184 1079 1235 sertur;
1109 1184 1289 1226 alterum
1320 1187 1530 1227 Acronem
1562 1199 1649 1227 non
1681 1200 1843 1234 eorum,
1875 1200 1987 1243 quae
2016 1185 2098 1229 sub
2130 1186 2221 1229 eius
2251 1187 2374 1229 titulo
2404 1187 2610 1236 feruntur,

193 1253 453 1298 scholiorum
482 1260 701 1297 auctorem
732 1252 864 1296 fuisse
896 1251 1284 1296 manifestissimum
1316 1261 1400 1303 est,
1439 1267 1535 1296 cum
1567 1253 1608 1296 in
1639 1253 1687 1298 iis
1716 1253 1820 1312 ipsis
1849 1256 1957 1298 Acro
1986 1254 2160 1313 quidam
2192 1254 2453 1312 optimorum
2482 1255 2611 1299 inter-

193 1330 458 1383 pretaturum
488 1336 670 1367 numero
698 1322 984 1373 adscribatur;
1019 1323 1084 1366 vel
1117 1322 1259 1380 potius
1280 1330 1478 1367 constare
1499 1323 1681 1373 videtur,
1702 1324 1768 1367 illa
1789 1324 2025 1368 Acroniana
2043 1323 2204 1368 scholia
2226 1323 2395 1369 duabus
2416 1324 2607 1383 partibus

193 1394 432 1453 composita
462 1407 574 1442 esse,
604 1407 791 1452 quorum
820 1393 951 1436 altera
980 1393 1166 1440 ineunte,
1201 1393 1332 1437 altera
1363 1401 1548 1438 exeunte
1581 1394 1730 1453 quinto
1762 1408 1800 1452 p.
1834 1394 1926 1438 Chr.
1957 1409 1995 1437 n.
2026 1393 2199 1438 saeculo
2230 1393 2399 1439 incertis
2428 1394 2609 1440 auctori-

195 1464 274 1507 bus
305 1471 398 1505 orta
426 1470 504 1506 est.
539 1487 589 1494 —
2475 1506 2484 1515 ,
2559 1463 2566 1467 ’

413 1534 553 1595 Atque
590 1530 673 1576 hoc
712 1531 822 1585 loco,
864 1532 1067 1590 quoniam
1100 1531 1360 1576 scholiorum
1391 1532 1552 1577 mentio
1582 1533 1692 1578 sacta
1720 1541 1803 1582 est,
1839 1547 1863 1578 e
1895 1547 1941 1577 re
1971 1547 2068 1578 esse
2099 1533 2280 1584 videtur,
2317 1533 2521 1578 nonnulla
2551 1533 2606 1578 de

191 1600 409 1647 codicibus
439 1601 645 1645 adnotare
676 1601 925 1660 priusquam
956 1602 1058 1661 quid
1092 1602 1234 1646 medio
1264 1617 1371 1646 aevo
1402 1603 1625 1662 contigerit
1654 1603 1827 1647 Horatio
1860 1602 2182 1660 perlustremus.
2248 1602 2382 1661 Magni
2411 1603 2606 1647 codicum

191 1671 368 1720 numeri,
397 1686 510 1730 quos
541 1671 632 1715 fere
664 1671 873 1715 ducentos
904 1671 1123 1722 habemus,
1153 1672 1282 1731 longe
1304 1672 1512 1716 minorem
1544 1680 1706 1730 partem
1727 1671 1885 1730 aliquid
1908 1671 2049 1715 valere
2070 1671 2125 1715 ad
2147 1671 2423 1730 quaestiones
2443 1672 2607 1717 criticas

190 1741 290 1785 satis
318 1749 508 1799 apparet.
576 1743 731 1785 Eorum
763 1750 928 1792 autem,
958 1757 1068 1800 quos
1102 1743 1307 1785 momenti
1337 1742 1511 1786 alicuius
1546 1757 1643 1786 esse
1666 1731 1868 1786 'homines
1899 1742 2013 1786 docti
2043 1741 2338 1792 consentiunt,
2368 1749 2455 1786 tres
2486 1741 2606 1800 quasi

190 1810 368 1854 familiae
409 1810 737 1870 distinguendae
777 1811 988 1856 videntur.
1058 1811 1224 1856 Primae
1264 1812 1443 1856 familiae
1482 1819 1582 1855 sunt
1620 1811 1646 1854 ii
1686 1811 1877 1859 codices.
1912 1810 1984 1870 qui
2016 1810 2206 1869 quodam
2237 1810 2367 1854 modo
2399 1810 2606 1871 originem

191 1882 353 1925 ducunt
382 1895 435 1924 ex
466 1881 536 1924 illo
566 1896 591 1924 a
620 1882 823 1924 Mavortio
855 1883 1084 1925 emendato
1115 1881 1246 1935 libro;
1295 1897 1478 1941 quorum
1521 1896 1700 1925 numero
1741 1881 1981 1929 Leidensis,
2022 1895 2109 1940 quo
2149 1881 2365 1924 Bentleius
2398 1895 2499 1924 usus
2529 1890 2607 1931 est,

193 1951 407 1995 Parisinus
430 1952 479 2007 (λ)
504 1955 612 1996 7982
643 1951 802 1995 saeculi
833 1952 999 2000 decimi,
1026 1951 1300 1996 adscribendi
1330 1959 1449 2004 sunt;
1478 1951 1650 1994 alterius
1682 1951 1860 1994 familiae
1891 1951 2009 2005 quasi
2039 1950 2137 1994 sons
2159 1958 2201 1993 et
2221 1950 2341 2009 origo
2373 1957 2439 1994 est
2467 1951 2606 1994 codex

190 2020 434 2063 Blandinius
465 2021 778 2064 vetustissimus
811 2022 862 2076 (y)
894 2022 967 2079 qui
998 2022 1146 2079 quanti
1177 2022 1385 2064 momenti
1417 2022 1553 2069 suerit,
1583 2033 1851 2077 quamquam
1881 2019 1975 2075 ipse
2004 2017 2255 2063 combustus
2285 2026 2372 2069 est,
2401 2019 2604 2077 cognosci

190 2090 288 2134 licet
308 2090 506 2147 Crucquii
535 2104 635 2134 cura
649 2092 694 2142 ²),
724 2090 796 2148 qui
826 2091 1024 2135 editionis
1055 2105 1158 2135 suae
1191 2092 1442 2135 Horatianae
1474 2091 1798 2134 fundamentum
1829 2089 1973 2146 posuit
1999 2089 2039 2132 in
2060 2089 2131 2133 illo
2153 2089 2323 2142 codice;
2353 2103 2450 2133 eum
2471 2089 2605 2134 secuti

191 2159 291 2202 sunt
330 2158 457 2202 codd.
507 2158 686 2202 Gothan.
723 2172 832 2204 saec.
863 2160 933 2203 XV
970 2167 1014 2203 et
1050 2160 1290 2204 Turicensis
1323 2159 1685 2217 (contaminatus);
1729 2158 1850 2202 tertia
1892 2157 2079 2216 denique
2119 2157 2271 2201 familia
2312 2158 2499 2202 derivata
2537 2165 2605 2203 est

189 2240 242 2271 ex
272 2228 369 2271 cod.
395 2228 598 2272 Bernensi
631 2229 691 2284 (B)
723 2233 817 2280 363,
846 2229 917 2287 qui
947 2229 1120 2273 saeculo
1152 2229 1237 2272 Vlll
1268 2229 1334 2272 vel
1367 2229 1418 2271 lX
1449 2229 1489 2271 in
1521 2228 1662 2271 Scot-ia
1691 2228 1872 2286 scriptus
1903 2227 2055 2271 dicitur
2083 2234 2126 2270 et
2155 2227 2233 2271 hac
2260 2241 2306 2270 re
2336 2228 2605 2285 potissimum

187 2296 240 2339 ab
271 2297 360 2339 aliis
393 2297 545 2345 differt,
588 2299 706 2355 quod
739 2299 864 2356 plane
893 2299 1018 2341 alium
1049 2299 1284 2341 carminum
1323 2299 1519 2341 ordinem
1561 2298 1775 2354 sequitur;
1815 2297 1906 2339 eius
1937 2296 2079 2352 stirpis
2108 2303 2208 2338 sunt
2236 2297 2604 2354 Argentoratensis

187 2380 295 2409 saec.
326 2367 373 2408 X.
405 2367 637 2423 Lipsiensis
667 2367 861 2410 eiusdem
892 2381 1000 2410 saec.
1034 2369 1205 2411 Dessav.
1239 2369 1266 2409 1.
1296 2380 1407 2410 saec.
1439 2367 1514 2418 1Χ;
1543 2366 1620 2408 alii.
1680 2367 1805 2417 Quod
1838 2367 1871 2409 si
1901 2366 1983 2408 iam
2014 2366 2241 2423 quaeritur,
2265 2379 2476 2423 quaenam
2496 2366 2605 2409 inter

186 2437 276 2482 illas
306 2446 393 2482 tres
425 2437 602 2482 familias
631 2438 685 2483 sit
715 2438 835 2497 quasi
858 2438 1054 2497 coguatio
1076 2446 1121 2483 et
1142 2453 1270 2498 quam
1293 2438 1563 2495 potissimum
1584 2436 1790 2481 rationem
1812 2436 1934 2495 sequi
1955 2434 2189 2480 debeamus
2211 2435 2251 2478 in
2271 2434 2320 2480 iis
2340 2434 2605 2487 adhibendis,

186 2509 388 2565 primum,
429 2522 528 2551 cum
556 2516 747 2557 constet,
790 2522 942 2551 omnes
972 2509 1130 2550 Horatii
1160 2508 1291 2551 libros
1322 2509 1431 2552 inter
1461 2522 1509 2551 se
1539 2506 1782 2550 consentire
1814 2506 2027 2549 nonnullis
2057 2505 2184 2554 vitiis,
2214 2505 2352 2563 qualia
2381 2513 2429 2548 ut
2458 2505 2603 2562 paucis

186 2586 280 2622 utar
308 2578 517 2636 exemplis
546 2585 648 2622 sunt
677 2591 807 2622 carm.
831 2579 862 2631 1,
895 2582 1001 2628 23,6
1035 2578 1191 2627 „veris“
1213 2579 1408 2629 !1‚17,25
1442 2582 1584 2627 ,‚cum“
1618 2574 1928 2632 (Lachmannus
1958 2575 2164 2633 Hauptius
2195 2574 2261 2618 alii
2293 2574 2418 2629 ,‚cui“)
2451 2587 2602 2618 omnes

186 2647 357 2691 codices
387 2661 441 2691 ex
470 2661 559 2691 uno
588 2648 885 2705 antiquissimo
917 2648 1125 2705 originem
1148 2648 1320 2691 duxisse
1352 2646 1699 2691 verisimillimum
1730 2652 1807 2695 est,
1837 2644 1910 2702 qui
1939 2645 2198 2703 archetypus
2230 2658 2313 2687 non
2346 2651 2490 2701 potest
2515 2657 2601 2688 non

187 2717 426 2775 posteriore
465 2725 661 2775 tempore
700 2718 881 2771 scriptus
924 2732 1022 2761 esse
1067 2732 1194 2776 quam
1233 2726 1386 2777 quarto
1431 2715 1616 2761 saeculo.
1686 2715 1742 2758 Ex
1782 2714 1853 2758 illo
1894 2713 2130 2775 archetypo
2170 2715 2257 2757 duo
2298 2714 2473 2758 derivati
2503 2721 2603 2758 sunt

186 2786 357 2830 codices
386 2788 441 2828 Αῑ
469 2789 535 2832 ΑΞ.
573 2800 759 2844 quorum
798 2787 905 2830 alter
945 2787 1067 2845 quasi
1107 2795 1227 2844 pater
1256 2795 1322 2831 est
1351 2787 1510 2831 codicis
1541 2785 1745 2829 Blandinii
1777 2784 1848 2841 qui
1880 2797 2012 2840 saepe
2041 2784 2158 2827 solus
2188 2797 2335 2827 verum
2367 2791 2410 2827 et
2439 2791 2601 2827 rectum

187 2868 362 2899 sensum
391 2855 583 2913 praebet,
612 2856 718 2899 alter
748 2856 844 2900 fons
875 2863 942 2900 est
972 2856 1165 2899 omnium
1195 2864 1436 2900 ceterorum
1469 2856 1689 2908 codicum;
1720 2854 1792 2913 qui
1816 2867 1912 2896 cum
1935 2853 2041 2896 vitiis
2062 2867 2193 2911 saepe
2215 2867 2302 2897 non
2322 2853 2603 2904 consentiant,

187 2924 310 2968 variis
349 2925 614 2983 temporibus
655 2933 697 2969 et
732 2925 822 2970 aliis
859 2926 1041 2970 sortasse
1082 2925 1302 2970 codicibus
1344 2926 1571 2969 interiectis
1602 2939 1655 2969 ex
1686 2924 1756 2967 illo
1788 2923 1942 2967 deduci
1975 2931 2165 2980 possunt.
2224 2923 2328 2966 Hinc
2357 2923 2466 2966 duae
2497 2923 2602 2967 aliae

188 2995 368 3038 familiae
383 3002 427 3037 et
442 2995 662 3039 Leidensis
678 2996 942 3054 Parisinique
957 3001 1066 3040 7972
1085 2996 1471 3051 (Mavortianorum)
1489 3003 1531 3038 et
1548 2994 1776 3038 Bernensis
1798 2994 1855 3049 (B.
1869 2993 1964 3048 363)
1988 2993 2148 3050 quique
2168 3007 2266 3036 eum
2280 3002 2532 3051 sequuntur.
2548 3018 2602 3026 —

186 3065 304 3117 Quae
333 3078 432 3109 cum
461 3064 516 3108 ita
545 3064 640 3114 sint,
671 3064 937 3109 Blandinium
970 3065 1241 3123 potissimum
1273 3064 1489 3122 respicere
1521 3063 1730 3108 debemus
1761 3062 1882 3107 cuius
1915 3076 2025 3121 quae
2048 3061 2203 3105 suerint
2223 3061 2429 3107 lectiones
2451 3062 2603 3106 intelli-

184 3135 320 3193 gimus
351 3134 546 3194 Crucquii
575 3134 729 3178 auxilio
760 3135 826 3178 cui
857 3135 1036 3194 Bergkio
1069 3135 1245 3193 quidem
1287 3149 1373 3177 uno
1414 3141 1597 3193 negante
1637 3133 1791 3177 ceteris
1829 3132 1926 3176 viris
1968 3131 2104 3175 doctis
2141 3131 2461 3181 affirmantibus,
2491 3132 2600 3177 fides

184 3204 411 3247 tribuenda
448 3212 535 3256 est;
580 3205 782 3261 quoniam
819 3205 1033 3249 rarissime
1075 3205 1245 3249 accidit.
1287 3212 1331 3247 ut
1371 3204 1437 3246 alii
1476 3204 1648 3247 codices
1689 3212 1872 3249 rectum,
1911 3201 2155 3245 Blandinius
2199 3202 2349 3245 salsum
2396 3202 2601 3258 praebeat

406 3346 433 3391 ¹)
460 3344 607 3390 Quinct.
633 3345 661 3379 Ι.
689 3343 731 3380 Ο.
758 3343 800 3388 Χ,
832 3345 859 3388 Ι,
886 3347 931 3379 96
965 3354 1053 3378 nam
1087 3346 1124 3378 et
1157 3343 1320 3388 insurgit
1356 3342 1558 3387 aliquando
1591 3346 1628 3377 et
1659 3343 1793 3387 plenus
1828 3345 1886 3376 est
1918 3340 2160 3377 iucunditatis
2187 3342 2226 3376 et
2249 3340 2395 3385 gratiae
2422 3344 2460 3376 et
2486 3340 2599 3375 variis

459 3393 589 3438 figuris
617 3396 656 3428 et.
680 3393 804 3428 verbis
833 3391 1047 3428 felicissime
1074 3392 1208 3428 audax.

404 3445 433 3483 ²)
458 3441 677 3476 Notandum
714 3440 863 3476 videtur
897 3441 970 3476 hoc
1009 3441 1113 3484 1000,
1150 3440 1375 3485 Crucquium
1411 3450 1486 3474 non
1512 3449 1625 3473 unum
1653 3438 1719 3473 sed
1746 3441 1928 3484 quattuor
1953 3436 2168 3473 adhibuisse
2204 3437 2352 3473 codices
2377 3437 2596 3473 Blandinios

461 3491 558 3526 unde
584 3490 686 3525 haud
712 3501 798 3526 raro
826 3489 998 3525 oriuntur
1023 3501 1167 3525 errores
1195 3489 1275 3532 (cfr.
1303 3489 1453 3533 Bergk,
1478 3487 1611 3523 Philol.
1640 3487 1736 3531 XIV,
1765 3490 1844 3523 389.
1870 3488 1968 3522 Ann-
1994 3486 2087 3531 phil.
2115 3489 2171 3531 83,
2198 3487 2293 3532 861).
