2846 3826
20 37 42 53 Ἲ-
106 37 143 54 ’τ’ἒ..
270 41 279 48 ¹¹

1404 129 1474 180 111

212 246 426 318 ιεεῑιιειιιιις
454 262 648 308 omnium
675 262 806 308 trium
832 269 979 309 autem
1006 261 1262 308 familiarum
1290 263 1326 310 si
1354 262 1563 309 lectiones
1591 275 1770 307 sensum
1797 268 1953 321 aptum⁸
1977 274 2065 306 non
2093 258 2280 307 habeant
2310 260 2378 307 vel
2407 260 2580 322 linguae
2600 268 2645 306 et

149 382 154 388 .
227 332 442 380 usuinon
469 331 779 391 respondeant,
806 332 1060 378 coniciendo
1093 331 1306 377 medicina
1333 331 1414 377 erit
1441 331 1672 377 afferenda.
1702 356 1755 363 —

448 402 536 447 Iam
563 415 669 447 vero
697 414 797 447 cum
825 401 1190 457 explicaverimus,
1219 415 1405 462 quorum
1427 400 1639 455 beneflcio
1660 408 1705 446 et
1724 413 1827 445 cura
1846 399 1956 445 hanc
1976 399 2209 446 habeamus
2229 398 2438 445 librorum
2457 400 2643 463 copiam,

224 472 305 519 hac
341 472 436 533 ipsa
474 471 729 532 quaestione
769 471 1068 518 revocabimur
1103 472 1158 517 ad
1198 486 1292 517 eam
1322 486 1434 523 rem,
1473 486 1528 516 ex
1558 485 1644 531 qua
1672 471 1727 515 ad
1757 470 1867 515 hanc
1896 470 1951 515 de
1980 470 2201 516 codicibus
2230 471 2640 516 commentationem

223 543 387 601 egressi
416 556 578 592 sumus,
607 541 919 600 inquirendam.
951 567 1003 574 —
1939 572 1942 574 Α

449 611 673 670 Perpetuis
703 609 825 656 bellis
854 619 898 656 et
928 611 1152 657 discordiis
1192 610 1460 660 domesticis,
1500 624 1612 669 quae
1642 610 1804 653 Romae
1834 609 2143 668 imperatorum
2172 607 2441 668 temporibus
2469 608 2637 653 animos

226 680 398 726 turbare
427 688 472 726 et
499 681 735 739 depravare
764 680 974 732 solebant,
1004 695 1102 726 cum
1133 681 1308 726 deesset
1348 680 1483 724 otium
1511 679 1615 724 illud
1643 679 1775 723 literis
1813 686 1898 723 tam
1939 680 2250 731 necessarium,
2288 681 2330 724 in
2370 679 2464 723 dies
2505 678 2638 737 magis

224 750 474 801 defuerunt,
514 751 588 809 qui
617 764 691 794 eas
721 757 835 795 artes
865 765 977 810 quae
1005 752 1060 794 ad
1090 751 1394 794 humanitatem
1424 749 1640 807 pertinere
1670 749 1844 806 proprie
1875 749 2085 798 dicuntur,
2123 749 2266 793 studio
2295 757 2340 793 et
2368 763 2518 793 amore
2547 762 2637 791 am—

224 820 525 879 plecterentur.
572 820 700 873 Quod
729 820 918 864 studium
949 820 1076 878 plane
1105 819 1363 864 exstinctum
1396 817 1620 861 videbatur
1639 818 1679 861 in
1701 832 1753 861 ea
1774 818 1893 868 urbe,
1923 818 1963 861 in
1983 832 2069 878 qua
2089 818 2142 861 ad
2166 818 2205 861 id
2227 826 2398 877 tempus
2417 819 2636 862 literarum

222 888 483 934 domicilium
520 890 679 941 suerat,
715 904 813 934 cum
852 889 1023 935 barbari
1060 897 1105 934 et
1141 889 1300 933 ltaliam
1340 895 1384 932 et
1422 889 1601 931 Romam
1641 895 1838 946 peterent
1876 895 2138 946 occuparent
2175 897 2428 933 everterent.
2496 889 2636 932 Unum

205 959 434 1018 refugium
462 960 622 1003 exstitit
651 960 781 1003 literis
810 961 943 1003 caede
972 960 1095 1003 bellis
1126 959 1309 1001 tumultu
1340 959 1530 1015 expulsis
1558 972 1612 1000 ex
1642 957 1831 1007 urbibus,
1873 973 1969 1001 cum
2007 959 2266 1002 monasteria
2295 974 2406 1017 quae
2436 959 2638 1003 dicuutur

222 1028 357 1072 otium
394 1028 548 1073 darent
586 1029 683 1073 viris
722 1029 938 1072 literarum
982 1028 1126 1072 studio
1164 1041 1341 1085 operam
1381 1026 1552 1071 dat-uris.
1621 1027 1890 1085 Quamquam
1921 1026 2068 1085 negari
2098 1042 2186 1071 non
2216 1035 2379 1085 potest,
2415 1028 2484 1072 illa
2513 1027 2637 1073 cleri-

221 1110 373 1143 corum
400 1097 543 1143 studia
572 1098 830 1156 plerumque
861 1097 904 1141 id
933 1104 1156 1156 spectasse
1187 1104 1234 1140 ut
1263 1110 1392 1155 quam
1423 1096 1604 1154 plurima
1625 1103 1807 1154 possent
1826 1096 2032 1140 librorum
2053 1104 2246 1154 veterum
2268 1097 2464 1156 exempla
2484 1111 2635 1142 manu-

221 1167 379 1226 scripta
419 1166 674 1211 exhiberent
713 1167 792 1211 vel·
829 1178 1082 1225 apparatum
1130 1167 1319 1210 criticum
1360 1165 1619 1224 colligerent.
1678 1165 1783 1209 Hinc
1820 1180 1916 1209 cum
1967 1167 2086 1210 multi
2133 1167 2201 1210 alii
2243 1175 2332 1210 tum
2372 1176 2434 1212 tot
2471 1167 2632 1212 Horatii

220 1237 406 1283 codices.
435 1263 488 1270 —

441 1307 471 1349 li
501 1306 574 1364 qui
604 1305 705 1349 inde
734 1320 759 1349 a
788 1306 962 1350 saeculo
994 1305 1217 1350 millesimo
1248 1313 1403 1364 quarto
1424 1306 1622 1349 Petrai-ca
1650 1312 1826 1348 auctore
1856 1305 1973 1350 libris
2003 1313 2091 1349 tam
2121 1306 2193 1350 diu
2214 1314 2457 1365 temporum
2479 1307 2632 1367 iniqui-

219 1384 306 1420 tate
336 1376 541 1435 neglectis
570 1390 749 1434 operam
779 1376 1004 1426 dederunt,
1044 1375 1122 1420 hac
1149 1376 1190 1419 in
1220 1390 1268 1420 re
1298 1375 1570 1433 potissimum
1601 1375 1723 1433 quasi
1754 1375 2081 1420 fundamentum
2111 1376 2343 1435 ponebant,
2371 1386 2417 1421 ut
2445 1392 2558 1436 quae
2587 1378 2633 1421 in

220 1446 338 1490 libris
367 1460 496 1489 manu
521 1447 689 1503 scriptis
719 1446 871 1489 tradita
899 1446 1090 1490 inessent
1119 1460 1247 1503 quam
1279 1445 1584 1488 dilucidissime
1614 1446 1878 1502 explicarent
1908 1455 1951 1489 et
1980 1447 2093 1489 notis
2123 1446 2443 1490 scholiastarum
2463 1463 2631 1492 summa

220 1528 318 1560 cum
360 1513 567 1559 industria
605 1513 793 1559 collectis
832 1513 1034 1573 inspectis
1070 1513 1181 1558 inter
1221 1526 1326 1558 sese·
1356 1513 1631 1572 comparatis,
1670 1521 1872 1573 quantam
1911 1516 2095 1574 quisque
2136 1514 2313 1559 haberet
2352 1516 2550 1561 historiae
2587 1524 2631 1560 et

220 1584 519 1644 grammaticae
549 1592 593 1627 et
622 1584 919 1642 antiquitatum
958 1583 1197 1633 scientiam,
1235 1597 1331 1626 eam
1372 1583 1595 1627 adhiberet.
1630 1583 1685 1626 ad
1727 1584 2003 1627 illustrandos
2034 1592 2202 1628 veteres
2230 1592 2449 1639 auctores;
2492 1586 2557 1630 his
2586 1587 2629 1629 in

218 1653 351 1699 rebus
389 1668 553 1698 summa
594 1653 733 1711 posita
772 1652 998 1697 videbatur
1036 1652 1240 1697 doctrina.
1298 1654 1384 1695 Iam
1422 1667 1526 1697 vero
1568 1666 1666 1696 cum
1716 1653 1984 1711 singulorum
2023 1653 2329 1698 vocabulorum
2367 1669 2478 1714 quae
2509 1656 2629 1700 notio

220 1738 420 1783 quaeque
448 1723 691 1768 coniunctio
722 1730 839 1767 esset
867 1722 1122 1781 investigare
1153 1736 1281 1781 quam
1312 1722 1442 1766 totius
1472 1722 1539 1766 vel
1568 1722 1766 1767 carminis
1796 1723 1864 1766 vel
1894 1723 1987 1767 libri
2008 1724 2082 1782 qui
2102 1732 2220 1769 esset
2238 1739 2392 1769 sensus
2411 1726 2628 1784 inquirere

218 1793 405 1844 mallent,
444 1806 555 1844 cum,
583 1797 641 1836 'ut
669 1791 788 1837 brevi
819 1792 969 1843 dicam,
1008 1792 1042 1836 si
1082 1807 1170 1836 non
1201 1806 1329 1836 omne
1358 1799 1401 1836 at
1430 1792 1707 1850 praecipuum
1738 1792 1926 1836 studium
1954 1801 2169 1850 ponerent
2196 1794 2238 1838 in
2267 1794 2434 1854 linguae
2463 1795 2627 1840 ratione

218 1871 262 1908 et
294 1863 503 1922 elegantia
526 1862 847 1920 perdiscenda,
887 1862 1037 1907 accidit
1082 1870 1127 1905 ut
1163 1862 1362 1920 permulti
1402 1863 1529 1921 eique
1566 1863 1707 1917 magni
1747 1872 2115 1920 componerentur
2152 1864 2244 1908 libri
2275 1864 2430 1923 quibus
2460 1866 2627 1910 inerant

218 1933 491 1977 doctissimae
536 1932 711 1991 quidem
754 1932 967 1975 sermonis
1011 1931 1395 1975 commentationes
1441 1939 1484 1975 et
1522 1930 1683 1975 flosculi
1726 1946 1869 1975 rerum
1914 1933 2106 1991 undique
2149 1933 2313 1977 collecti
2356 1935 2434 1978 sed
2478 1934 2628 1979 deerat

219 2003 478 2060 plerumque
509 2002 564 2047 de
594 2001 779 2046 auctoris
809 2001 980 2059 ingenio
1010 2009 1102 2045 arte
1131 2000 1343 2046 sententia
1372 2001 1579 2059 quaestio.
1649 2002 1762 2045 Suae
1803 2003 1988 2061 quisque
2027 2003 2246 2047 doctrinae
2280 2003 2322 2047 in
2361 2004 2627 2062 explicandis

216 2070 462 2122 auctoribus
481 2064 696 2129 ¹maiorem
726 2070 809 2114 vim
840 2085 969 2129 quam
999 2070 1154 2115 iudicio
1185 2077 1228 2115 et
1257 2070 1492 2129 elegantiae
1524 2069 1748 2115 tribuebat.
1799 2072 1844 2115 ln
1871 2072 2043 2116 Horatio
2065 2072 2242 2131 quidem
2265 2072 2373 2119 hanc
2392 2074 2624 2119 institutam

215 2140 457 2199 explicandi
486 2142 713 2189 rationem,
744 2146 789 2182 ut
820 2140 931 2183 duos
962 2152 1128 2198 eosque
1158 2140 1431 2198 gravissimos
1463 2140 1576 2184 viros
1605 2153 1965 2189 commemorem,
1994 2143 2177 2199 amplexi
2207 2150 2251 2185 et
2280 2145 2493 2199 persecuti
2523 2152 2625 2187 sunt

216 2210 453 2268 Crucquius
491 2217 534 2252 et
572 2208 825 2258 Lambinus,
868 2222 1053 2266 quorum
1094 2208 1213 2264 prior
1251 2217 1482 2266 propterea
1523 2210 1684 2266 optime
1723 2210 1778 2252 de
1817 2210 1990 2252 Horatio
2031 2212 2208 2255 meritus
2249 2221 2333 2262 est,
2376 2214 2493 2271 quod
2536 2227 2625 2256 non

215 2280 355 2323 solum
393 2293 504 2337 quae
545 2278 703 2321 invenit
741 2276 901 2321 scholia
939 2278 1064 2320 nobis
1103 2277 1273 2321 tradidit
1317 2279 1393 2321 sed
1439 2278 1565 2321 etiam
1607 2279 1905 2322 vetustissimis
1945 2280 2166 2324 codicibus
2210 2289 2404 2325 accurate
2442 2291 2486 2325 et
2523 2297 2625 2339 pru-

217 2348 371 2392 denter
398 2362 503 2391 usus
534 2354 609 2390 est.

436 2415 565 2460 Aliter
586 2415 639 2460 de
661 2414 834 2459 Horatio
854 2414 1013 2460 sentire
1035 2428 1223 2474 eumque
1244 2414 1469 2473 explicare,
1500 2429 1598 2460 cum
1620 2416 1805 2474 primum
1825 2430 1925 2461 eum
1944 2417 2090 2477 attigit.
2121 2418 2296 2464 instituit
2316 2420 2626 2477 Bentleius;

213 2488 248 2531 is
286 2488 359 2545 qui
399 2487 600 2544 princeps
635 2494 678 2529 et
715 2494 864 2530 auctor
903 2486 1085 2530 recentis
1125 2493 1319 2529 vet-erum
1359 2486 1710 2543 explicandorum
1751 2496 1793 2530 et
1832 2489 2204 2533 emendandorum
2235 2492 2409 2534 rationis
2438 2506 2537 2535 curn
2567 2494 2627 2536 de

211 2556 374 2614 cunctis
404 2556 495 2600 fere
524 2555 731 2614 temporis
761 2554 1022 2614 benignitate
1053 2554 1178 2599 nobis
1210 2555 1361 2599 relictis
1392 2553 1508 2599 libris
1539 2563 1630 2599 tum
1660 2556 1715 2600 de
1736 2557 1910 2600 Horatio
1940 2559 2102 2615 optime
2134 2560 2307 2603 meritus
2328 2568 2406 2612 est,
2434 2561 2620 2618 palmam

213 2627 397 2671 criticam
428 2626 680 2688 nonvmodo
712 2626 920 2683 postremi
950 2626 1028 2668 sed
1058 2625 1187 2669 etiam
1217 2626 1453 2683 praesentis
1483 2626 1642 2668 saeculi
1672 2640 1889 2670 consensu
1915 2628 2054 2671 habet.
2105 2631 2191 2672 lam
2213 2630 2442 2679 videamus,
2463 2631 2622 2689 quibus

212 2696 483 2756 potissimum
507 2694 742 2739 rationibus
767 2693 822 2738 ab
840 2694 902 2745 iis,
931 2694 1004 2753 qui
1033 2695 1307 2752 praecedunt,
1338 2695 1435 2738 viris
1464 2694 1601 2739 doctis
1618 2694 1799 2746 differat,
1827 2710 2021 2756 quasqua
2036 2698 2153 2757 leges
2180 2707 2351 2743 secutus
2370 2700 2435 2750 sit,
2464 2714 2551 2759 qua
2567 2702 2623 2747 sit

211 2779 377 2810 summa
406 2766 498 2809 eius
527 2765 619 2807 viae
649 2771 693 2807 et
721 2764 906 2807 rationis.
952 2765 1179 2807 Poetarum
1199 2764 1338 2807 studia
1357 2778 1455 2807 cum
1477 2778 1557 2821 pro
1583 2764 1704 2807 fonte
1726 2774 1768 2808 et
1789 2767 1998 2824 principio
2019 2769 2209 2810 omnium
2231 2768 2423 2812 laborum
2445 2769 2625 2815 haberet

212 2842 254 2879 et
283 2848 363 2892 pro
399 2833 497 2881 fine,
526 2833 580 2876 ad
612 2847 743 2891 quem
774 2834 916 2876 omnia
946 2842 1179 2883 revocaret,
1217 2848 1304 2876 non
1334 2833 1487 2890 potuit,
1525 2833 1629 2891 quin
1660 2835 1864 2891 quoniam
1894 2835 1963 2878 illa
1993 2837 2157 2880 ratione
2187 2838 2339 2881 ductus
2370 2852 2458 2881 non
2489 2840 2622 2883 modo

210 2903 506 2962 antiquitatem
535 2910 678 2947 mente
708 2901 976 2960 concipiebat
1006 2910 1049 2946 et
1068 2903 1236 2960 scriptis
1257 2901 1496 2959 explicabat
1514 2903 1593 2947 sed
1614 2904 1742 2946 etiam
1762 2918 1860 2948 cum
1880 2905 2049 2950 dicendi
2070 2914 2161 2950 tum
2181 2908 2392 2951 sentiendi
2414 2910 2622 2953 rationem

211 2982 436 3031 poetarum
465 2973 636 3031 penitus
665 2979 941 3031 cognoverat,
982 2972 1243 3031 antiquitatis
1284 2972 1470 3015 studium
1510 2975 1831 3018 commendaret
1861 2975 2113 3034 aequalibus
2142 2985 2185 3021 et
2214 2978 2481 3023 accenderet.
2540 2980 2623 3033 Qui

209 3056 383 3090 eorum.
413 3043 485 3101 qui
516 3050 639 3086 antea
668 3042 933 3099 interpretati
962 3049 1083 3085 erant
1112 3041 1353 3108 Horatium,
1393 3041 1573 3086 fuissent
1602 3056 1772 3087 errores
1804 3058 1960 3103 magno
1991 3046 2145 3105 ingenii
2174 3048 2370 3091 acumine
2399 3048 2623 3103 intellexit;

208 3113 393 3171 primum
423 3111 700 3169 reprehendit
730 3126 821 3161 eos,
851 3112 970 3170 quod
1000 3118 1252 3168 apparatum
1282 3112 1470 3155 criticum
1498 3112 1590 3155 sine
1623 3112 1708 3156 ullo
1740 3115 1947 3171 temporis
1979 3117 2102 3173 pretii
2131 3125 2353 3162 auctorum
2379 3118 2623 3164 discrimine

208 3181 525 3235 adhibuissent3
570 3189 659 3225 tum
702 3182 821 3239 quod
863 3181 1082 3226 doctrinae
1122 3189 1164 3224 et
1206 3180 1338 3225 rebus
1379 3181 1570 3240 undique
1611 3183 1825 3241 congestis
1864 3192 1995 3244 atque
2038 3186 2078 3229 in
2121 3188 2323 3231 memoria
2361 3191 2623 3234 coacervatis

209 3250 380 3296 nimiam
410 3250 658 3295 tribuissent
689 3250 792 3303 vim;
823 3250 979 3295 deinde
1002 3250 1121 3309 quod
1144 3249 1354 3295 obscuros
1373 3264 1520 3295 versus
1542 3251 1679 3296 doctis
1703 3260 1746 3296 et
1769 3254 1945 3298 remotis
1965 3263 2008 3299 et
2027 3255 2130 3314 ipsis
2151 3256 2345 3302 obscuris
2374 3258 2620 3304 nominibus

209 3322 324 3366 velut
353 3321 597 3379 parenthesi
627 3320 853 3380 hypallage
882 3320 1077 3381 synthesi
1108 3320 1321 3378 explicare
1350 3336 1477 3379 quam
1510 3322 1575 3364 vel
1605 3322 1927 3381 interpretando
1960 3325 2024 3368 vel
2055 3327 2309 3384 corrigendo
2347 3329 2401 3371 ad
2433 3338 2621 3373 mentem

207 3400 252 3435 et
286 3391 605 3449 intelligentiam
642 3391 863 3434 hominum
899 3390 1184 3434 accomodare
1224 3390 1481 3434 maluissent.
1540 3392 1667 3444 Quod
1699 3393 1887 3451 denique
1917 3395 2140 3439 adferebat
2169 3396 2323 3454 ingenii
2353 3413 2535 3442 acumen
2566 3400 2620 3442 ad

206 3461 480 3507 illustrandos
519 3468 687 3505 veteres
727 3460 767 3504 id
805 3459 858 3503 ab
888 3459 1139 3519 aequalibus
1172 3473 1350 3519 quoque
1380 3461 1569 3504 exerceri
1602 3462 1733 3506 voluit
1763 3471 1809 3506 ut
1838 3463 1931 3522 ipse
1962 3465 2016 3509 ad
2046 3478 2172 3510 carm.
2205 3467 2233 3516 1,
2262 3468 2386 3523 XXll,
2418 3474 2455 3513 4.
2514 3469 2621 3519 „Sed
