2846 3826
1399 161 1446 213 X

200 301 325 345 illud:
355 298 584 359 „equidem
617 296 836 340 Horatium
868 310 955 339 non
984 309 1176 355 agnosco
1207 295 1286 340 nisi
1318 295 1360 338 in
1391 295 1472 339 illis
1501 295 1660 352 ingenii
1687 297 1979 342 monumentis
2009 311 2121 356 quae
2151 305 2235 342 tam
2263 304 2365 355 apta
2382 304 2428 342 et
2448 299 2637 346 rotunda

202 380 303 415 sunt
341 377 388 412 ut
427 368 531 412 nihil
569 368 746 412 demere
784 366 927 424 possis
966 365 1070 423 quin
1109 364 1368 424 elegantiam
1411 364 1599 410 minuas“
1640 363 1761 423 quasi
1801 364 2128 413 fundamentum
2170 373 2214 412 et
2246 364 2506 445 principium
2532 366 2636 413 artis
2679 375 2684 379 ’

203 453 307 485 suae
345 437 516 485 criticae
554 434 775 495 posuisset
813 433 904 480 fere
935 447 1110 480 omnem
1140 440 1364 486 ornatum,
1405 447 1494 494 quo
1526 433 1718 478 detracto
1749 434 1902 493 poesin
1931 434 2109 497 lyricam
2140 436 2315 482 omnino
2344 436 2517 497 cogitari
2545 450 2634 482 non

202 521 337 567 posse
367 508 571 568 equidem
602 519 859 564 persuasum
890 504 1044 554 habeo,
1084 504 1263 548 deleret.
1335 504 1428 556 Qua
1456 504 1497 546 in
1528 517 1574 546 re
1607 511 1782 561 postero
1813 511 2011 562 tempore
2041 506 2237 558 suerunt,
2276 507 2350 566 qui
2379 514 2634 564 superarent

202 577 551 634 Peerlkampium
596 600 650 607 —
693 575 1043 633 (Schatzmayer).
1089 599 1140 606 —
1189 575 1234 617 ld
1275 575 1452 632 quidem
1494 581 1677 623 constat,
1718 588 1795 617 eos
1834 589 1995 625 errare,
2039 578 2112 633 qui
2153 578 2195 621 in
2234 575 2633 634 interpolationibus

205 646 444 691 statuendis
474 644 768 703 eiciendisque
799 659 921 688 suam
952 643 1137 702 quisque
1167 643 1425 702 elegantiam
1456 643 1743 702 iudiciumque
1774 651 2021 702 sequantur.

438 714 536 758 Aliis
575 714 753 758 minoris
794 713 997 757 momenti
1038 713 1256 757 erroribus
1298 714 1611 771 praetermissis
1650 714 1831 757 iustitiae
1870 721 1937 758 est
1972 728 2162 764 monere,
2193 725 2461 774 quantopere
2491 714 2634 759 Peerl—

206 785 401 842 kampius
431 784 732 842 grammaticae
763 784 823 826 rei
854 784 1054 826 metricae
1086 784 1386 841 antiquitatum
1426 784 1599 826 scientia
1637 785 1728 840 ipse
1769 783 2013 827 excelluerit
2042 783 2235 841 aliosque
2262 785 2485 829 instituerit
2502 785 2563 828 ita
2590 791 2635 828 ut

207 855 316 901 illius
345 853 452 899 liber
481 853 547 899 vel
580 853 630 898 iis
663 853 737 913 qui
768 860 949 912 propter
978 852 1338 912 interpolationes
1370 852 1628 899 infestissimi
1658 861 1757 899 sunt
1788 852 2067 912 Peerlkampii
2107 853 2356 908 adversarii,
2396 868 2549 917 magno
2579 854 2635 900 sit

207 926 302 969 usui
339 925 583 983 excitetque
624 925 679 967 ad
719 925 941 967 Horatium
979 925 1112 981 magis
1144 924 1369 981 magisque
1400 925 1750 981 perquirendum.
1808 924 1926 967 Valet
1956 924 2011 966 de
2042 924 2339 982 Peerlkampio
2369 927 2471 969 illud
2500 939 2632 982 saepe

205 995 412 1038 auditum:
457 1008 508 1036 ex
554 1007 706 1036 eorum
754 994 939 1037 virorum
981 1007 1161 1036 numero
1201 1001 1283 1043 est,
1325 1008 1511 1051 quorum
1552 1008 1605 1037 ex
1647 993 1865 1037 erroribus
1906 993 2159 1051 plerumque
2192 993 2258 1037 vix
2290 995 2428 1039 minus
2459 995 2633 1040 discitur

208 1077 333 1123 quam
364 1076 418 1108 ex
449 1062 509 1113 iis,
541 1076 653 1121 quae
684 1070 801 1107 recte
832 1062 1133 1107 observarunt.
2186 1075 2195 1083 ⁸

430 1133 542 1185 Quid
575 1134 727 1175 mirum
759 1133 878 1191 quod
910 1132 1166 1190 simulatque
1201 1132 1364 1175 Peerlk.
1404 1140 1518 1173 tanta
1554 1132 1728 1175 audacia
1758 1133 2039 1190 integritatem
2069 1133 2396 1177 Horatianorum
2427 1135 2632 1178 librorum

206 1217 344 1261 usque
384 1203 439 1245 ad
478 1202 520 1245 id
561 1209 734 1260 tempus
774 1202 865 1245 fere
907 1202 1007 1244 nulli
1048 1201 1213 1244 homini
1255 1201 1427 1244 dubiam
1467 1209 1714 1257 suspectam
1758 1202 1915 1246 habere
1957 1202 2098 1259 coepit
2136 1210 2178 1246 ct
2216 1204 2474 1260 permultos,
2519 1218 2630 1262 quos

206 1272 403 1332 quisque,
432 1272 511 1315 nisi
543 1285 786 1330 perpaucos
818 1272 1054 1329 exceperis,
1075 1271 1331 1314 Horatianos
1362 1278 1483 1327 putat
1495 1271 1534 1319 it,
1563 1285 1714 1314 versus
1745 1271 1898 1315 eiicere
1927 1285 2054 1315 ausus
2085 1280 2163 1321 est,
2193 1287 2407 1316 summum
2432 1280 2631 1318 exortum

206 1350 272 1386 est
302 1341 530 1385 discrimen
560 1349 603 1385 et
632 1356 802 1391 eorum,
844 1342 916 1399 qui
948 1355 1107 1384 novam
1150 1340 1446 1399 sequebantur
1485 1339 1692 1384 rationem
1734 1349 1775 1384 et
1816 1356 1983 1392 eorum,
2026 1342 2096 1400 qui
2136 1342 2294 1386 Horatii
2332 1343 2630 1402 integritatem,

206 1424 336 1470 quam
365 1410 564 1454 violatam
594 1426 762 1455 summa
791 1424 889 1454 cum
921 1412 979 1454 ira
1010 1411 1228 1460 ferebant,
1269 1410 1504 1453 defendere
1545 1409 1790 1452 studebant.
1855 1412 2007 1469 Neque
2046 1426 2147 1454 vero
2186 1413 2400 1469 praesenti
2430 1420 2628 1470 tempore

206 1551 273 1593 vel
304 1551 482 1593 modum
512 1558 696 1606 ponant3
727 1565 815 1608 quo
846 1550 1003 1594 factum
1035 1558 1113 1600 est,
1143 1558 1188 1592 ut
1221 1549 1301 1592 hoc
1331 1548 1572 1592 discrimine
1599 1562 1682 1590 non
1707 1555 1869 1591 tantum
1893 1558 2100 1608 quantum
2121 1560 2397 1608 speraverant
2416 1552 2630 1596 fructuum

205 1621 508 1678 perciperetur,
540 1620 744 1678 quoniam
775 1634 852 1663 sua
883 1620 1067 1678 quisquc
1102 1619 1308 1677 elegantia
1338 1626 1377 1661 et
1412 1617 1567 1661 iudicio
1600 1617 1653 1661 de
1686 1618 1999 1674 pulchritudine
2031 1620 2146 1663 nisus
2177 1621 2335 1664 eodem
2367 1635 2455 1679 quo
2485 1622 2628 1666 Peerl-

206 1689 403 1748 kampius
433 1688 641 1732 laboravit
672 1689 785 1732 vitio.

432 1760 680 1803 Criticorum
727 1760 799 1817 qui
844 1768 944 1816 post
993 1758 1339 1814 Peerlkampium
1386 1757 1542 1800 Horatii
1587 1756 1844 1802 carminibus
1885 1773 2060 1815 operam
2104 1759 2316 1803 dederunt
2355 1759 2389 1804 si
2432 1774 2628 1819 magnam

206 1829 516 1873 multitudinem
549 1829 860 1887 perlustramus
890 1828 1246 1887 singulorumque
1278 1840 1388 1885 quae
1414 1826 1466 1869 sit
1493 1829 1598 1869 ratio
1622 1840 1820 1886 quaeque
1853 1827 1899 1869 iis
1920 1828 1972 1871 sit
1992 1827 2218 1872 tribuenda
2240 1828 2348 1873 fides
2369 1830 2629 1889 quaerimus.

206 1900 301 1943 illos
338 1900 607 1956 potissimum
644 1899 1051 1943 commemorandos
1083 1911 1181 1940 esse
1213 1909 1441 1939 censemus
1474 1896 1544 1953 qui
1576 1910 1835 1954 quamquam
1867 1898 2019 1940 ceteris
2052 1898 2093 1940 in
2124 1898 2254 1942 rebus
2286 1901 2628 1958 Peerlkampium

207 1969 341 2013 secuti
371 1977 469 2012 sunt
499 1969 541 2011 in
572 1983 656 2011 una
686 1967 739 2011 ab
772 1983 825 2012 eo
857 1967 1081 2012 discedunt
1119 1965 1184 2009 vel
1216 1966 1360 2023 potius
1393 1980 1546 2008 novam
1569 1965 1712 2009 abillo
1736 1981 1820 2010 non
1842 1967 2054 2025 cognitam
2073 1967 2214 2027 legem
2235 1969 2629 2015 animadverterunt

206 2038 332 2082 etad
363 2051 459 2081 eam
499 2052 670 2081 omnem
711 2039 764 2081 de
804 2037 1046 2095 integritate
1091 2049 1292 2079 versuum
1335 2035 1660 2078 Horatianorum
1702 2037 1998 2094 quaestionem
2031 2044 2351 2084 revocaverunt.
2383 2065 2433 2071 -—
2464 2042 2627 2085 Eodem

205 2109 298 2151 fere
337 2116 533 2165 tempore
575 2123 662 2166 quo
694 2107 857 2151 Peerlk.
890 2122 1017 2151 suum
1050 2107 1103 2150 de
1134 2105 1311 2149 Horatio
1343 2104 1496 2148 librum
1528 2105 1569 2148 in
1599 2105 1735 2149 lucem
1766 2106 1969 2153 mittebat,
2000 2107 2233 2153 Meinekius
2264 2120 2306 2152 et
2334 2110 2629 2155 Lachmannus

205 2177 280 2220 viri
323 2177 556 2221 doctissimi
599 2185 652 2226 et,
695 2190 804 2234 quae
836 2184 901 2219 est
932 2190 1085 2233 eorum
1116 2175 1323 2232 sagacitas
1358 2174 1565 2231 quodque
1597 2175 1749 2231 ingenii
1789 2190 1982 2224 acumen,
2024 2177 2062 2219 in
2095 2191 2140 2220 re
2170 2177 2313 2221 critica
2344 2180 2628 2230 versatissimi,

204 2246 495 2290 ratiocinando
528 2253 569 2290 et
599 2245 899 2304 comparandis
941 2244 1098 2287 Horatii
1141 2258 1239 2286 cum
1281 2256 1533 2301 graecorum
1574 2243 1804 2303 lyricorum
1845 2245 2121 2291 carminibus.
2151 2246 2205 2289 ad
2244 2260 2429 2304 quorum
2466 2248 2626 2293 formas

204 2317 424 2375 Horatium
463 2330 562 2359 suas
604 2317 823 2372 redegisse
864 2316 968 2357 odas
1010 2329 1137 2357 nemo
1180 2314 1416 2370 negaverit,
1456 2313 1510 2355 ad
1551 2313 1592 2355 id
1631 2322 1860 2363 venerunt,
1900 2323 1944 2358 ut
1983 2331 2062 2372 pro
2102 2324 2220 2359 certo
2251 2316 2455 2361 haberent
2485 2318 2627 2362 omnia

205 2387 390 2431 carmina
418 2385 638 2444 strophico
671 2385 822 2429 ordine
854 2384 1149 2429 distribuenda
1181 2390 1385 2441 quattuor
1415 2380 1571 2440 cuique
1601 2395 1749 2426 versus
1780 2382 1946 2428 dandos
1969 2398 2065 2428 esse
2085 2384 2124 2440 ¹).
2172 2385 2366 2438 Quorum
2392 2394 2488 2431 uter
2509 2387 2627 2446 prior

206 2458 261 2502 de
290 2458 369 2502 hac
398 2471 444 2501 rc
474 2457 769 2516 cogitavisset,
796 2470 850 2499 ne
883 2455 991 2499 inter
1020 2454 1342 2499 Lachmanuum
1374 2451 1552 2510 quidem
1583 2460 1626 2495 et
1655 2453 1909 2496 Meinekium
1939 2454 2057 2512 ipsos
2086 2456 2186 2498 satis
2216 2457 2451 2501 constabat.
2517 2459 2625 2503 Nam

206 2543 303 2572 cum
341 2529 387 2570 iis
426 2541 682 2586 persuasum
723 2534 857 2574 esset,
898 2524 1211 2581 compositione
1251 2522 1467 2579 strophica
1511 2522 1781 2578 potissimum
1815 2528 1930 2575 μέλος
1969 2533 2162 2568 veterum
2200 2527 2407 2571 contineri
2442 2542 2626 2586 eamque

204 2598 344 2656 legem
383 2597 656 2641 observatam
697 2610 794 2640 esse
824 2609 849 2638 a
880 2595 1021 2652 poetis
1064 2593 1206 2652 lyricis
1238 2592 1420 2650 graecis,
1466 2606 1577 2649 quos
1608 2592 1791 2635 imitatus
1821 2600 1885 2635 est
1914 2594 2109 2638 Horatius
2139 2596 2454 2640 contenderunt
2485 2598 2627 2641 omnia

206 2683 290 2710 uno
328 2676 513 2724 excepto
552 2667 709 2709 Horatii
748 2665 934 2709 carmina
973 2663 1151 2721 singulis
1191 2670 1501 2720 quaternorum
1538 2661 1673 2704 κώλων
1701 2662 1939 2719 composita
1978 2659 2073 2708 esse
2111 2672 2156 2709 et
2190 2666 2406 2710 Horatium
2438 2667 2479 2711 in
2510 2681 2627 2712 com-

204 2738 417 2795 ponendis
457 2736 657 2781 omnibus
695 2734 952 2780 carminibus
990 2732 1255 2790 strophicum
1297 2732 1531 2792 lyricorum
1570 2744 1822 2790 graecorum
1861 2732 2056 2777 ordinem
2092 2741 2287 2779 secutum
2319 2749 2427 2781 esse.
2484 2739 2625 2797 Atque

204 2806 258 2851 ad
298 2806 407 2850 hanc
446 2806 587 2866 legem
617 2804 906 2848 revocandam
936 2816 1033 2847 esse
1074 2816 1247 2845 omnem
1278 2802 1330 2845 de
1362 2802 1519 2845 Horatii
1560 2802 1625 2844 vel
1666 2801 1904 2859 integritate
1946 2803 2011 2845 vel
2049 2806 2291 2862 corruptela
2323 2808 2623 2864 quaestionem

205 2877 389 2935 probare
419 2876 663 2920 studebant.
694 2888 823 2933 quam
854 2874 963 2916 viam
994 2872 1170 2929 praeivit
1203 2871 1505 2916 Lachmannus.
1544 2885 1640 2914 cum
1670 2885 1797 2914 carm.
1829 2872 1888 2920 lv,
1918 2876 1942 2915 8
1973 2872 2144 2917 duobus
2177 2874 2369 2919 versibus
2399 2875 2552 2921 deletis
2581 2886 2626 2922 et

204 2952 368 2989 rectum
406 2959 583 2988 sensum
621 2951 663 2987 et
701 2942 966 3000 strophicum
997 2941 1193 2984 ordinem
1227 2940 1480 2984 restitueret.
1540 2940 1840 2998 Discrepantes
1872 2940 1982 2984 inter
2009 2956 2057 2985 se
2089 2942 2142 2985 de
2172 2943 2249 2987 hac
2278 2959 2324 3003 re
2356 2944 2550 2990 Meinekii
2580 2954 2625 2990 et

204 3014 461 3058 Lachmanni
499 3013 737 3058 sententiae
769 3012 958 3056 minores
989 3019 1030 3055 et
1062 3010 1248 3053 leviores
1279 3017 1379 3052 sunt
1409 3023 1538 3067 quam
1569 3024 1680 3069 quae
1712 3009 1752 3052 in
1782 3009 1860 3053 hac
1891 3010 2179 3068 disputatione
2209 3014 2479 3070 explicentur
2493 3017 2538 3070 ²).
2569 3040 2625 3049 —

204 3084 284 3137 Qui
313 3084 544 3129 adversarii
573 3084 697 3128 huius
728 3082 947 3127 doctrinae
978 3080 1234 3125 exstiterunt
1265 3078 1377 3122 velut
1421 3078 1634 3123 Eichstadt
1664 3079 1901 3124 Grotei'end
1933 3079 2229 3140 Dillenburger
2257 3081 2362 3126 Jahn
2391 3084 2621 3130 Buttmann

202 3153 268 3201 alii
304 3153 351 3199 iis
387 3153 547 3205 causis,
589 3167 695 3213 quas
731 3151 1010 3212 proferebant
1048 3151 1088 3193 in
1128 3148 1383 3193 Meinekium
1415 3148 1729 3192 Lachmanuum
1759 3149 1921 3207 quique
1951 3149 2006 3192 ab
2037 3164 2188 3193 eorum
2218 3151 2411 3208 partibus
2440 3154 2622 3206 stabant,

205 3223 389 3283 probare
427 3237 514 3266 non
557 3230 809 3280 potuerunt,
847 3222 927 3264 hos
966 3221 1081 3263 viros
1121 3232 1302 3262 errasse.
1347 3244 1401 3252 —-
1448 3220 1555 3260 Sunt
1592 3226 1736 3261 autem
1775 3219 1854 3262 hae
1892 3227 1979 3262 tres
2009 3234 2182 3264 causae:
2231 3221 2366 3278 prima
2396 3223 2621 3268 deducitur

419 3370 450 3410 ¹)
476 3367 548 3404 Sed
580 3378 733 3404 monere
765 3365 897 3411 liceat,
931 3364 1082 3401 iamiam
1117 3362 1229 3399 huius
1263 3363 1406 3402 saeculi
1438 3362 1545 3400 initio
1572 3362 1705 3409 fuisse,
1739 3363 1802 3410 qui
1828 3363 2025 3401 duodecim
2051 3364 2117 3401 illa
2143 3368 2304 3403 metrum
2329 3366 2622 3414 Asclepiadeum

475 3416 670 3461 sequentia
704 3415 870 3451 carmina.
904 3414 1071 3458 strophis
1099 3415 1341 3456 quaternorm
1368 3424 1544 3447 versuum
1571 3413 1830 3449 distribuenda
1858 3425 1940 3449 esse
1965 3418 2177 3460 censerent,
2213 3416 2252 3450 in
2277 3428 2436 3461 quorum
2461 3428 2621 3452 numero

475 3467 519 3500 ut
543 3476 619 3500 uno
645 3463 818 3508 exemplo
844 3465 931 3498 utar
956 3463 1039 3498 erat
1064 3459 1438 3505 vanderbourgkius.

418 3513 446 3556 2)
473 3512 540 3550 cfr.
565 3524 610 3549 ea.
635 3523 731 3558 quae
755 3511 903 3548 monuit
928 3511 958 3546 I
961 3510 1192 3547 achmannus
1218 3509 1256 3543 in
1283 3509 1528 3554 „zeitschrift
1552 3509 1612 3544 fiir
1636 3510 1799 3545 Alterth.
1851 3509 1980 3544 1845‘⁴.
