2846 3826
423 510 514 553 Hoc
543 509 798 567 opusculum
828 509 863 553 si
894 509 1034 552 minus
1056 509 1237 567 politum
1257 516 1300 552 et
1320 507 1639 567 angustioribus
1661 523 1789 566 quam
1811 507 2014 566 optabam
2034 508 2226 553 terminis
2245 508 2608 567 circumscriptum

202 581 244 626 in
272 581 412 626 lucem
443 578 631 631 mittitur,
661 577 879 630 tribuatur,
909 592 1086 638 quaeso,
1115 577 1336 624 laboribus
1367 578 1584 623 ministerii
1615 577 1771 637 publici
1802 591 1882 637 per
1910 591 1986 623 sex
2016 591 2191 623 menses
2221 585 2393 637 praeter
2433 592 2611 638 exspec-

201 651 406 694 tationem
435 649 569 692 auctis
590 649 673 707 -qui
702 662 771 699 me
800 656 937 692 totum
967 650 1058 692 fere
1088 662 1112 691 a
1141 649 1291 692 studiis
1320 649 1537 692 literarum
1568 657 1888 692 revocaverunt.
1937 649 2023 692 Sed
2050 650 2356 707 indulgentiam
2378 657 2423 692 et
2442 650 2609 692 veniam

204 734 354 764 eorum
385 719 456 777 qui
486 719 570 763 hoc
597 719 744 777 legunt
773 720 1002 777 implorare
1032 733 1162 777 quam
1191 720 1406 777 promisso
1436 733 1524 762 non
1555 727 1668 762 stare
1699 718 1837 762 malui.

426 787 590 841 Quibus
629 789 791 834 auxiliis
828 804 933 834 usus
974 789 1072 839 sim,
1111 789 1226 834 viros
1264 789 1416 833 doctos
1453 801 1540 831 non
1584 786 1779 846 effugiet:
1819 786 2086 831 monendum
2124 787 2301 839 videtur,
2341 802 2410 832 me
2442 795 2614 846 praeter

202 857 412 917 editiones
448 857 605 902 Horatii
642 857 924 903 nobilissimas
963 859 1064 903 sat-is
1100 871 1297 916 magnam
1336 856 1669 914 disputationum
1708 856 1875 913 copiam
1916 855 2105 899 Teuffelii
2134 858 2178 898 A.
2207 857 2367 900 Miilleri
2408 857 2611 916 Spengeli

203 927 443 972 Schwenkii
480 927 697 972 Kirchneri
734 929 909 972 aliorum
952 928 1211 986 inspexisse,
1250 940 1360 986 quae
1389 926 1431 969 in
1463 926 1685 970 annalibus
1717 927 1931 969 literarum
1964 926 2085 969 variis
2115 934 2159 969 et
2187 926 2337 970 libellis
2365 927 2610 971 scholarum

202 999 485 1042 inveniuntur.
515 1024 567 1031 --

427 1254 495 1319 In
526 1276 718 1333 legendis
749 1284 791 1318 et
821 1274 1131 1331 cognoscendis
1164 1282 1354 1316 veterum
1386 1273 1530 1321 literis,
1559 1273 1713 1321 multis,
1742 1274 1776 1316 si
1808 1282 2054 1330 temporum
2084 1274 2359 1332 iniquitatem,
2388 1278 2546 1333 paucis,
2575 1277 2610 1320 si

202 1354 396 1391 nostrum
436 1345 622 1391 studium
661 1352 704 1389 et
746 1343 1003 1389 desiderium
1044 1342 1309 1401 respicimus,
1349 1355 1435 1385 non
1477 1344 1666 1385 omnium
1709 1356 1820 1402 quae
1857 1341 1982 1387 nobis
2012 1342 2159 1389 relicta
2187 1343 2396 1391 habemus
2427 1360 2609 1405 operum

202 1430 349 1475 parem
379 1430 522 1460 curam
553 1416 741 1459 studium
772 1413 959 1458 officium
990 1414 1119 1457 fuisse
1149 1413 1432 1470 intelligimus,
1462 1426 1571 1470 quae
1601 1412 1808 1455 librorum
1839 1414 2159 1457 tractandorum
2179 1423 2223 1458 et
2247 1418 2608 1461 aestimandorum

202 1485 422 1530 diversitas
461 1498 673 1542 persaepe
713 1498 800 1527 non
838 1497 889 1526 ex
930 1497 980 1526 ea
1020 1497 1130 1541 quae
1168 1482 1343 1540 singulis
1371 1495 1418 1525 re
1448 1495 1548 1524 vera
1578 1481 1804 1525 tribuenda
1834 1490 1901 1526 est
1930 1483 2095 1534 virtute,
2125 1485 2203 1528 sed
2234 1499 2284 1528 ex
2315 1486 2403 1530 aliis
2432 1497 2476 1531 et
2505 1502 2609 1531 sane

201 1554 377 1600 remotis
399 1553 538 1599 causis
570 1552 768 1597 ducenda
798 1552 975 1596 videtur.
1016 1559 1177 1596 tantum
1210 1551 1323 1595 enim
1353 1551 1487 1600 abest,
1518 1558 1563 1594 ut
1591 1550 1897 1617 hominum'de
1927 1552 2184 1609 scriptorum
2214 1554 2381 1613 ingenio
2402 1564 2444 1599 et
2464 1557 2611 1600 indole

200 1625 401 1668 iudicium
431 1638 606 1681 semper
634 1624 686 1666 ad
718 1623 1073 1681 pulchritudinem
1104 1630 1239 1664 artem
1270 1622 1523 1679 elegantiam
1553 1629 1716 1663 tantum
1747 1630 1974 1665 revocetur
1993 1631 2039 1664 ut
2060 1637 2272 1680 persaepe
2293 1640 2402 1682 quae
2423 1628 2610 1670 auctoris

201 1695 327 1737 suerit
366 1695 472 1736 vitae
511 1693 709 1736 condicio
753 1706 863 1749 quae
902 1692 1050 1734 aetatis
1088 1691 1298 1735 sentiendi
1337 1699 1378 1734 et
1413 1690 1583 1734 vivendi
1623 1691 1728 1734 ratio
1770 1692 1994 1749 quomodo
2024 1693 2112 1737 suis
2143 1694 2326 1752 quisque
2356 1696 2610 1754 aequalibus

200 1763 416 1809 blanditus
446 1763 499 1808 sit
528 1770 570 1808 et
600 1777 696 1807 cum
727 1775 878 1806 eorum
908 1761 1058 1806 studiis
1089 1759 1466 1819 voluntatibusque
1487 1758 1766 1811 consenserit,
1786 1759 1893 1806 haec
1912 1761 2055 1806 omnia
2075 1762 2172 1821 plus
2194 1762 2357 1809 valeant
2378 1765 2432 1810 ad
2451 1773 2609 1824 poetae

201 1833 267 1879 vel
298 1832 517 1892 scriptoris
548 1831 844 1876 auctoritatem
874 1837 916 1874 et
947 1830 1124 1890 gloriam
1154 1830 1386 1888 parandam
1418 1843 1546 1888 quam
1575 1830 1666 1887 ipsa
1698 1830 1841 1875 virtus.
1878 1856 1931 1863 ——
1970 1833 2030 1874 lta
2060 1832 2216 1876 sactum
2247 1843 2291 1876 ut
2321 1843 2514 1879 veterum
2543 1837 2609 1880 alii

200 1904 313 1947 haud
344 1903 525 1946 sciamus
556 1915 644 1960 quo
675 1908 800 1959 pacto
831 1914 1041 1943 summam
1071 1901 1252 1943 assecuti
1284 1901 1367 1942 sint
1396 1901 1703 1948 auctoritatem,
1723 1901 1789 1942 alii
1810 1901 1877 1942 vix
1900 1901 2159 1945 oblivionem
2180 1904 2374 1961 fugerint.
2396 1932 2447 1937 —
2469 1909 2609 1964 Atque

200 1973 284 2016 hoc
304 1972 495 2026 =maxime
527 1971 700 2028 contigit
728 1970 914 2019 Horatio,
945 1970 1063 2013 cuius
1094 1978 1250 2026 poetae
1280 1983 1367 2012 non
1397 1970 1537 2013 minus
1567 1970 1734 2013 indoles
1766 1970 1933 2026 poetica
1965 1985 2092 2029 quam
2124 1972 2356 2018 honestatis
2376 1988 2426 2019 ac
2446 1976 2610 2020 virtutis

201 2041 262 2087 vis
294 2040 468 2100 propria
497 2053 594 2085 esse
624 2039 802 2084 videtur.
860 2039 946 2083 lam
976 2039 1076 2084 inde
1105 2038 1159 2083 ab
1189 2038 1493 2096 antiquissimis
1522 2038 1788 2097 temporibus
1817 2046 1861 2083 et
1889 2039 2135 2085 laudatores
2166 2055 2356 2087 summos
2376 2051 2419 2088 et
2441 2044 2611 2091 obt-rec·-

201 2120 360 2156 tatores
390 2110 688 2154 infestissimos
718 2109 889 2152 invenit.
939 2110 1060 2152 Unde
1092 2109 1299 2168 originem
1331 2108 1504 2153 duxisse
1535 2110 1630 2167 quis
1660 2118 1725 2153 est
1755 2110 1827 2168 qui
1858 2111 2018 2154 nesciat
2047 2111 2113 2154 illa
2143 2112 2225 2156 hoe
2244 2122 2439 2172 tempore
2460 2116 2611 2160 crebra

201 2195 352 2225 eorum
383 2180 536 2233 studia,
564 2179 637 2237 qui
666 2179 884 2221 Horatium
913 2177 967 2220 ab
997 2178 1317 2222 accusatoribus
1347 2178 1670 2221 defendendum
1699 2178 1779 2222 sibi
1810 2190 2133 2237 proposuerunt
2148 2183 2191 2237 ¹).
2257 2184 2306 2225 Et
2334 2198 2436 2227 sane
2466 2186 2610 2230 dicere

201 2251 319 2300 licet,
358 2250 441 2293 hoc
479 2249 637 2291 varium
669 2248 723 2291 de
753 2248 925 2290 Horatio
955 2247 1155 2290 iudicium
1185 2248 1365 2291 multum
1394 2248 1576 2292 valuisse
1606 2249 1660 2292 ad
1691 2249 1840 2306 ingens
1869 2250 1978 2294 illius
2009 2259 2053 2294 et
2081 2252 2196 2309 apud
2227 2262 2392 2297 veteres
2421 2263 2464 2298 et
2493 2256 2611 2313 apud

202 2326 415 2364 nostrates
452 2318 640 2362 studium
681 2317 849 2375 legendi
887 2317 1238 2375 propagandum;
1279 2330 1539 2376 quamquam
1569 2332 1780 2362 summam
1811 2318 1936 2364 huius
1967 2320 2027 2364 rei
2057 2334 2228 2366 causam
2259 2323 2299 2366 in
2330 2324 2419 2381 ipsa
2452 2333 2611 2382 poetae

202 2390 355 2433 virtute
386 2395 564 2446 arteque
595 2387 777 2444 positam
810 2401 919 2437 esse,
951 2387 1016 2430 vix
1049 2388 1275 2446 quisquam
1306 2387 1534 2446 negaverit.

424 2458 510 2500 lam
540 2470 643 2500 vero
677 2456 896 2500 videamus
927 2469 1040 2515 quae
1068 2456 1184 2514 apud
1202 2464 1369 2501 veteres
1387 2457 1543 2500 fuerint
1563 2458 1891 2502 Horatianorum
1912 2459 2118 2504 librorum
2137 2462 2219 2506 sata
2239 2477 2437 2523 quaeque
2453 2466 2611 2510 Horatii

202 2530 334 2587 ipsius
363 2529 604 2572 auctoritas.
634 2553 687 2559 -
717 2527 811 2570 Non
843 2527 982 2584 potuit
1011 2525 1115 2576 fieri,
1145 2527 1245 2586 quin
1277 2528 1477 2585 princeps
1506 2526 1660 2570 fidicen
1681 2526 1802 2587 lyrae
1823 2530 2040 2574 Romanae
2062 2540 2192 2590 atque
2213 2542 2382 2591 praeter
2402 2536 2611 2580 Catullum

202 2598 342 2656 magni
374 2597 548 2655 quidem
578 2597 732 2654 ingenii
761 2597 838 2639 sed
870 2609 1106 2653 paucorum
1136 2610 1337 2639 versuum
1367 2604 1540 2654 poetam
1571 2612 1682 2640 unus
1712 2612 1878 2642 summa
1906 2600 2021 2656 apud
2052 2603 2253 2659 aequales
2275 2602 2447 2648 floreret
2466 2614 2613 2649 aucto-

201 2667 343 2717 ritate,
389 2679 484 2710 cum
529 2665 679 2709 omnes
719 2665 790 2724 qui
831 2664 981 2709 imbuti
1021 2673 1143 2709 erant
1182 2665 1311 2710 literis
1351 2665 1522 2710 Graecis
1564 2674 1833 2725 quantopere
1873 2667 2022 2713 Graeci
2062 2681 2317 2729 superarent
2355 2674 2613 2719 carminibus

202 2736 513 2795 componendis
551 2737 767 2779 Romanos
807 2735 1086 2779 vehementer
1114 2736 1356 2780 necessario
1388 2735 1596 2779 dolerent.
1655 2738 1844 2786 Accedit,
1875 2740 1994 2797 quod
2026 2741 2119 2798 ipse
2148 2745 2360 2802 Augustus
2390 2745 2613 2789 Maecenas

202 2806 488 2864 amplissimus
519 2805 703 2863 quisque
733 2805 906 2848 Horatio
937 2804 1108 2848 favebat
1119 2805 1165 2859 ²),
1196 2805 1268 2863 qui
1298 2805 1534 2863 principem
1564 2804 1799 2858 celebrare,
1840 2818 2112 2865 praesentem
2142 2812 2203 2855 rei
2231 2811 2425 2870 publicae
2456 2822 2611 2858 statum

203 2875 389 2936 probare
418 2873 680 2933 aequalibus,
710 2875 854 2918 Musae
883 2875 1100 2918 Romanae
1129 2887 1288 2917 novum
1318 2881 1361 2917 et
1389 2889 1530 2933 usque
1562 2876 1615 2919 ad
1646 2875 1690 2919 id
1719 2883 1891 2935 tempus
1912 2878 2174 2925 Graecorum
2200 2882 2419 2940 proprium
2451 2885 2614 2928 studio-

203 2961 296 2992 rum
326 2958 523 3004 campum
553 2944 755 3002 aperiret;
796 2952 1027 3003 postquam
1056 2945 1253 2989 Horatius
1281 2943 1469 2988 Graecae
1498 2958 1686 3002 poeseos
1716 2947 1863 2992 formis
1892 2949 2086 2995 Romano
2116 2951 2283 3010 ingenio
2308 2967 2463 2998 novam
2494 2955 2614 3013 quasi

205 3018 330 3060 vitam
362 3023 405 3060 et
433 3014 615 3058 animam
646 3014 749 3058 dare
778 3014 971 3065 instituit,
999 3016 1041 3058 in
1072 3015 1163 3059 dies
1193 3014 1316 3057 illud:
1355 3014 1565 3067 „Graecia
1588 3023 1712 3073 capta
1741 3017 1891 3060 serum·
1909 3018 2116 3064 victorem
2145 3022 2281 3079 cepit“
2310 3023 2450 3068 minus
2470 3024 2614 3068 valere

203 3085 366 3143 coepit,
403 3084 520 3143 quod
563 3090 831 3142 quantopere
872 3097 924 3127 ex
965 3083 1177 3127 sententia
1215 3083 1374 3128 dictum
1402 3083 1455 3128 sit
1482 3085 1794 3136 Romanorum,
1832 3087 1934 3131 satis
1970 3099 2160 3147 apparet.
2217 3092 2288 3136 His
2318 3092 2373 3137 de
2402 3093 2541 3138 causis
2571 3103 2613 3138 et

204 3155 322 3217 quod
351 3154 547 3198 Horatius
577 3153 834 3198 carminibus
863 3153 1024 3211 patriae
1052 3167 1245 3197 amorem
1280 3154 1495 3205 excitavit,
1533 3155 1787 3199 modestiam
1816 3157 2015 3201 iustitiam
2044 3162 2355 3206 commendavit
2386 3164 2484 3207 vitia
2513 3165 2617 3209 risui

204 3232 247 3269 et
284 3222 467 3267 ludibrio
504 3222 650 3266 habuit
689 3223 844 3267 nullius
883 3222 977 3266 libri
1015 3222 1270 3267 videbantur
1305 3223 1520 3282 digniores
1558 3233 1602 3269 et
1639 3227 1826 3284 aptiores
1857 3228 1929 3285 qui
1959 3229 2001 3272 in
2032 3229 2143 3275 ludis
2172 3239 2455 3277 tractarentur
2484 3248 2613 3293 quam

205 3293 374 3338 Horatii.
444 3293 547 3345 Quis
585 3292 711 3351 igitur
740 3292 981 3343 mirabitur,
1024 3292 1142 3351 quod
1172 3292 1264 3336 eius
1295 3301 1462 3351 poetae,
1492 3294 1566 3352 qui
1596 3295 1876 3348 Quinctiliano
1907 3306 2083 3343 auctore
2113 3300 2343 3360 lyricorum
2373 3301 2465 3347 fere
2495 3303 2615 3348 solus

421 3410 450 3456 ¹)
476 3409 544 3446 cfr.
569 3409 743 3456 Lessing,
766 3408 984 3455 Rettungen
1010 3408 1076 3445 des
1101 3409 1236 3445 Hor-az.
1286 3410 1475 3457 Reichert,
1500 3410 1547 3447 de
1573 3411 1722 3448 Horatii
1748 3413 2081 3451 obtrectatoribus.

420 3459 450 3505 ι)
476 3458 552 3495 Sat.
579 3458 626 3495 11.
656 3461 687 3504 1,
713 3462 771 3494 75.
795 3457 892 3504 Epp.
917 3458 945 3493 1.
975 3461 1031 3503 17,
1059 3460 1115 3494 35.
