2846 3826
1361 101 1433 153 IV

179 251 233 282 eo
262 245 426 282 tantum
458 237 563 281 haec
593 244 793 280 notamus
822 246 869 279 ut
893 249 1094 280 acuamus
1125 235 1396 279 eruditorum
1426 236 1578 280 iudicia
1595 236 1665 292 ¹).“
1711 235 1992 283 Bentleianae.
2004 235 2131 295 igitur
2151 233 2417 294 quaestionis
2435 245 2604 278 summa

180 307 287 352 haec
326 314 413 351 est:
456 305 569 350 nulla
604 304 673 349 vel
707 318 838 363 parva
868 319 1013 348 rerum
1042 304 1411 362 grammaticarum
1442 312 1485 347 et
1513 303 1810 348 historicarum
1840 313 1884 349 et
1912 303 1969 349 ad
1999 304 2270 363 antiquitates
2298 301 2605 359 pertinentium

183 376 348 421 ratione
378 374 521 420 habita
549 381 713 418 tantum
745 387 857 433 quae
886 372 1011 417 suerit
1043 380 1200 432 poetae
1232 373 1447 417 sententia
1465 372 1635 417 indoles
1655 387 1738 424 ars,
1759 373 2063 433 inquirendum
2083 381 2126 418 et
2146 373 2385 419 secundum
2405 371 2603 418 codicum

183 445 480 491 auctoritatem
520 451 680 488 textum
720 444 788 487 vel
827 443 1177 487 constituendum
1221 444 1286 487 vel
1327 444 1629 502 corrigendum
1670 457 1780 487 esse.
1821 468 1877 475 —
1915 444 2031 497 Quas
2060 445 2249 490 rationes
2279 458 2367 503 quo
2397 442 2531 488 modo
2561 443 2603 487 in

187 516 379 560 editione
409 528 485 558 sua
524 520 697 557 secutus
738 513 792 556 sit
831 526 928 555 cum
966 512 1050 555 hoc
1089 513 1186 555 loco
1226 513 1403 571 longum
1443 513 1497 556 sit
1536 512 1772 570 explicare,
1813 512 1855 555 in
1894 512 1993 562 illis,
2033 527 2143 571 quae
2183 513 2290 557 infra
2329 510 2603 557 tractabimus

190 585 376 641 exempli
407 597 553 629 causa,
583 580 842 624 carminibus
874 581 1107 624 ostendere
1137 583 1269 624 liceat.
1328 585 1522 624 Attamen
1553 583 1661 624 illius
1692 582 1773 624 loci
1800 582 2068 623 mentionem
2099 583 2404 631 inchoaverim,
2442 582 2485 623 in
2513 595 2602 639 quo

189 654 363 699 delendi
391 652 551 696 initium
582 650 700 694 fecit:
731 664 859 694 carm.
886 651 946 698 lV,
976 655 1013 697 8.
1049 657 1095 694 17
1129 666 1260 708 quem
1293 665 1465 694 versum
1497 652 1637 694 nullus
1669 665 1807 708 usque
1838 650 1891 693 ad
1923 650 2006 694 hoc
2026 658 2197 708 tempus
2219 652 2359 696 editor
2378 651 2603 695 restituere

190 724 257 768 vel
288 736 416 766 ausus
446 728 512 764 est
541 719 608 763 vel
640 719 801 777 potuit;
844 727 960 763 tanta
989 719 1169 763 Bentleii
1199 727 1263 764 est
1295 728 1338 763 et
1367 720 1597 764 auctoritas
1628 727 1670 763 et
1701 719 1802 763 recti
1834 718 1951 777 quasi
1984 718 2199 764 divinatio.
2230 745 2277 752 —

414 791 492 842 Qui
524 805 622 831 eum
653 790 787 832 secuti
818 798 919 831 sunt
949 790 989 830 in
1021 790 1276 846 explicando
1306 790 1481 832 Horatio
1513 790 1586 832 viri
1619 790 1746 838 docti,
1776 789 1865 831 fere
1897 803 2049 831 omnes
2080 789 2157 832 hac
2186 790 2227 832 in
2259 804 2305 833 re
2336 790 2602 848 potissimum

190 863 429 908 studiorum
461 859 714 918 principium
746 866 788 903 et
817 857 947 903 finem
978 867 1231 916 posuerunt,
1263 867 1307 902 ut
1339 874 1449 918 quae
1481 860 1520 902 in
1550 858 1722 901 Horatio
1753 858 2013 902 invenissent
2045 872 2097 901 ea
2118 868 2341 903 servarent
2361 868 2404 904 et
2422 873 2503 917 pro
2522 872 2603 902 suo

191 933 373 990 quisque
404 930 574 985 ingenio
605 929 881 985 explicarent,
911 942 1096 985 quorum
1129 929 1298 970 nomina
1330 941 1698 971 commemorasse
1723 927 1924 980 sufficiat3
1953 935 2052 970 sunt
2074 927 2350 972 Mitscherlich
2362 932 2399 982 ²)
2418 927 2605 971 vander-

189 1002 331 1058 bourg
343 1003 378 1053 ³)
407 999 627 1043 Gesnerus
658 998 737 1041 alii.
789 999 847 1040 lta
877 1012 972 1040 cum
1005 997 1158 1040 sactum
1191 1006 1321 1047 esset,
1351 1007 1396 1040 ut
1427 999 1573 1056 iniquo
1606 1005 1850 1054 temporum
1882 997 1967 1039 fato
2000 1010 2126 1054 quam
2158 997 2367 1041 rationem
2388 997 2605 1041 Bentleins

192 1076 443 1129 prosecutus
485 1075 576 1112 erat
614 1081 665 1111 ea
706 1081 791 1110 non
836 1066 1002 1124 placido
1042 1080 1090 1109 ac
1131 1080 1268 1124 prope
1300 1066 1413 1110 molli
1446 1066 1580 1125 gradu
1611 1066 1869 1123 procederet
1898 1066 1975 1110 sed
2007 1064 2209 1109 oblivioni
2238 1066 2345 1110 tradi
2375 1066 2605 1121 videretur,

191 1140 332 1182 multis
362 1139 483 1180 annis
514 1137 744 1179 interiectis
777 1136 907 1178 homo
938 1136 1132 1179 eruditus
1164 1136 1332 1182 exstitit,
1362 1137 1434 1193 qui
1466 1136 1642 1178 Bentleii
1674 1136 1849 1193 quidem
1881 1135 2193 1192 disputationes
2224 1136 2388 1179 sontem
2418 1145 2462 1180 et
2491 1137 2606 1194 prin-

191 1208 345 1265 cipium
385 1221 432 1249 se
472 1205 633 1249 habere
670 1218 774 1248 suae
816 1205 1026 1249 iudicandi
1068 1205 1242 1247 rationis
1283 1204 1498 1247 dictitabat
1539 1204 1617 1247 sed
1661 1204 1785 1246 nimia
1825 1204 1963 1247 indicii
2003 1203 2228 1247 severitate
2268 1205 2515 1262 rapiebatur
2551 1205 2605 1248 ad

191 1277 318 1320 talem
356 1290 552 1319 cursum.
595 1273 731 1331 qualis
762 1273 863 1331 quin
895 1287 918 1314 a
950 1273 1141 1315 Bentleio
1173 1287 1349 1330 prorsus
1379 1273 1541 1315 alienus
1569 1273 1695 1316 fuerit
1727 1273 1792 1316 vix
1824 1274 2052 1332 quisquam
2083 1273 2351 1318 dubitaverit.
2409 1275 2604 1334 Denique

191 1345 532 1401 Peerlkampius,
564 1343 618 1385 de
650 1357 738 1400 quo
769 1343 951 1400 agimus.
982 1342 1173 1385 Bentleio
1204 1356 1372 1384 summo
1404 1343 1546 1385 critico
1576 1343 1786 1385 minorem
1816 1343 2110 1386 auctoritatem
2140 1342 2285 1386 tribuit
2314 1357 2440 1402 quam
2471 1344 2607 1387 Mark-

193 1416 333 1459 landio
365 1412 615 1456 Valkenario
647 1411 801 1454 Guieto
834 1411 905 1468 qui
937 1411 1131 1468 quamvis
1163 1410 1275 1453 docti
1307 1419 1348 1453 ot
1379 1411 1584 1469 ingeniosi
1617 1412 1655 1454 in
1686 1420 1777 1454 arte
1808 1412 1948 1456 critica
1978 1413 2187 1456 rationem
2218 1413 2322 1455 nulli
2352 1427 2501 1456 eorum
2534 1414 2604 1471 qui

190 1486 360 1544 sapiunt
390 1483 615 1541 probatam
646 1480 779 1525 secuti
810 1491 921 1524 sunt.

413 1551 734 1608 Peerlkampius
747 1551 780 1604 ⁴)
813 1551 950 1608 igitur,
982 1551 1042 1593 vir
1073 1551 1357 1595 doctissimus.
1388 1564 1502 1594 anno
1534 1551 1572 1593 h.
1594 1566 1625 1593 s.
1655 1551 1870 1595 tricesimo
1902 1559 2054 1608 quarto
2085 1551 2218 1595 edidit
2246 1552 2464 1597 Horatium
2495 1566 2605 1611 quae

194 1625 321 1669 editio
362 1638 456 1666 cum
499 1622 539 1663 in
582 1621 720 1663 lucem
753 1620 982 1675 prodiisset
1013 1628 1192 1676 propter
1222 1634 1374 1662 novam
1407 1633 1535 1677 quam
1566 1633 1670 1677 prae
1700 1634 1747 1662 se
1777 1619 1942 1663 ferebat
1973 1628 2011 1663 et
2045 1620 2258 1678 prioribus
2288 1622 2605 1665 dissimillimam

191 1694 380 1752 speciem
422 1700 463 1734 et
501 1698 680 1748 propter
719 1702 915 1747 magnam
958 1689 1168 1732 iudicandi
1208 1690 1427 1733 audaciam
1468 1704 1633 1733 summa
1683 1690 1798 1747 apud
1849 1690 2008 1734 multos
2058 1705 2223 1748 eosque
2271 1692 2605 1749 spectatissimos

190 1765 386 1809 homines
417 1760 596 1805 florebat
626 1759 771 1818 gloria.
830 1760 914 1802 lam
947 1773 1048 1802 vero
1079 1767 1212 1809 erant,
1243 1759 1314 1817 qui
1344 1759 1561 1803 Horatium
1591 1767 1816 1817 tantopere
1847 1760 2083 1803 mutilatum
2114 1768 2157 1804 et
2182 1760 2447 1805 decurtatum
2478 1775 2606 1819 aegre

192 1836 370 1878 ferrent:
416 1844 499 1889 qua
535 1843 581 1871 rc
621 1842 835 1871 summum
878 1836 920 1870 et
959 1842 1098 1885 usque
1140 1829 1193 1871 ad
1233 1829 1274 1871 id
1315 1838 1485 1886 tempus
1517 1829 1706 1871 nondum
1738 1830 2026 1887 compositum
2057 1830 2284 1874 discrimen
2314 1836 2512 1875 exortum
2541 1836 2607 1874 est

193 1917 357 1947 eorum.
387 1902 457 1957 qui
489 1907 625 1942 totum
656 1898 874 1940 Horatium
907 1911 1037 1954 quem
1069 1898 1268 1940 omnibus
1300 1899 1487 1941 numeris
1510 1899 1746 1955 perfectum
1768 1913 1864 1942 esse
1886 1900 2033 1942 volunt
2054 1900 2456 1957 interpolationibus
2480 1907 2608 1958 poeta

192 1969 492 2030 indignissimis
532 1968 743 2024 repletum
785 1981 882 2010 esse
923 1981 1176 2022 persuasum
1216 1967 1375 2010 habent
1413 1982 1573 2025 easque
1614 1968 1827 2012 eiciendas
1866 1977 1909 2012 et
1949 1984 2122 2012 omnem
2162 1970 2508 2013 emendationem
2553 1970 2607 2013 ad

192 2041 393 2085 iudicium
435 2036 686 2093 elegantiam
728 2034 1084 2091 pulchritudinem
1126 2035 1396 2079 referendam
1437 2043 1628 2079 statuunt
1667 2045 1709 2080 et
1749 2051 1900 2080 eorum
1942 2039 2013 2096 qui
2052 2052 2263 2081 summam
2300 2039 2402 2082 artis
2441 2039 2607 2082 criticae

192 2111 331 2168 legem
364 2108 403 2150 in
427 2104 646 2150 codicibus
676 2103 985 2162 perspiciendis
1016 2113 1059 2147 et
1089 2112 1203 2148 recte
1234 2103 1488 2148 adhibendis
1519 2114 1683 2163 ponunt
1713 2120 1914 2164 eumque,
1946 2121 2076 2164 quem
2106 2107 2161 2150 illi
2191 2106 2414 2165 praebent,
2444 2115 2607 2152 textum

193 2179 409 2237 explicare
438 2175 614 2218 student
646 2181 686 2216 et
716 2173 932 2215 Horatium
962 2181 1185 2230 poetarum
1208 2189 1474 2217 summorum
1498 2175 1670 2232 quidem
1689 2190 1869 2219 numero
1888 2176 2148 2226 adscribunt,
2174 2177 2251 2220 sed
2274 2192 2422 2221 rursus
2441 2184 2609 2236 negant,

193 2246 503 2306 perfectissima
533 2257 710 2299 semper
747 2243 929 2285 carmina
966 2243 1183 2286 cecinisse.
1250 2244 1408 2285 Harum
1449 2244 1817 2287 dissimillimarum
1856 2246 2067 2287 rationum
2109 2246 2181 2303 qui
2214 2246 2371 2288 fuerint
2410 2254 2607 2289 auctores

193 2330 369 2376 quoque
400 2313 533 2357 modo
565 2325 686 2355 suam
719 2310 903 2369 quisque
933 2312 1187 2355 sententiam
1220 2312 1477 2359 defenderit,
1517 2325 1627 2370 quae
1668 2312 1852 2370 denique
1891 2312 2117 2370 probanda
2155 2313 2350 2357 videatur
2390 2314 2607 2372 copiosius

192 2384 509 2444 explicabimus.
1636 2394 1641 2398 ·

416 2453 603 2495 Primum
643 2458 836 2492 nostrum
879 2457 961 2493 est.
1004 2451 1283 2508 Peerlkampii
1324 2452 1457 2508 ipsius
1489 2452 1746 2494 emendandi
1782 2452 1990 2494 rationem
2022 2453 2281 2509 perlustrare
2311 2461 2355 2496 et
2384 2454 2610 2512 inquirere,

197 2540 297 2569 num
339 2521 560 2580 probanda
600 2520 653 2562 sit
693 2534 843 2563 necne.
914 2520 1006 2570 Qua
1048 2519 1088 2562 in
1128 2535 1173 2563 re
1213 2521 1495 2578 Peerlkampii
1528 2520 1656 2564 verba
1688 2535 1799 2579 quae
1831 2521 1871 2563 in
1903 2520 2082 2577 epistola
2111 2521 2178 2564 illa
2208 2522 2483 2579 praefationis
2513 2523 2608 2566 loco

194 2594 301 2638 libro
333 2591 567 2651 praemissa
597 2590 816 2648 leguntur,
857 2588 1157 2633 dilucidissime
1188 2590 1294 2633 illius
1326 2591 1534 2635 rationem
1565 2591 1605 2634 in
1636 2599 1727 2635 arte
1755 2590 1897 2634 critica
1926 2590 2153 2635 adhibitam
2183 2600 2244 2635 et·
2274 2594 2315 2635 ni
2345 2606 2608 2650 magnopere

194 2664 334 2708 fallor·
363 2675 532 2705 errores
565 2659 835 2717 patefaciunt.
896 2658 982 2701 Sed
1016 2658 1263 2717 priusquam
1295 2659 1349 2703 ad
1381 2660 1467 2710 illa,
1508 2674 1618 2719 quae
1649 2661 1691 2703 in
1732 2659 1995 2718 praefatione
2037 2661 2328 2712 inveniuntur,
2364 2660 2610 2706 illustranda

195 2731 455 2790 progrediar.
487 2730 634 2786 paucis
666 2729 720 2772 de
750 2742 897 2771 errore
930 2728 1222 2777 disseruerim,
1251 2730 1323 2786 qui
1353 2730 1395 2772 in
1424 2729 1493 2772 illa
1523 2730 1699 2787 quidem
1720 2744 1808 2773 non
1828 2738 2202 2782 commemoratur,
2222 2731 2302 2774 sed
2321 2731 2423 2773 tanti
2444 2731 2610 2774 videtur

196 2800 401 2845 momenti
440 2800 481 2842 in
521 2797 790 2842 diiudicanda
827 2804 915 2841 tota
952 2796 1233 2855 Peerlkampii
1265 2805 1353 2842 arte
1394 2798 1554 2846 critica.
1595 2806 1641 2842 ut
1679 2798 2021 2856 praemittendus
2050 2798 2243 2843 videatur
2271 2799 2494 2844 universae
2525 2799 2610 2844 dis-

195 2868 415 2928 putationi.
486 2869 529 2910 P.
560 2868 673 2911 enim
714 2880 812 2910 cum
843 2880 1099 2924 persuasum
1130 2866 1283 2910 habeat
1312 2867 1531 2910 Horatium
1563 2867 1835 2926 egregiorum
1868 2873 2093 2924 poetarum
2123 2867 2481 2924 perfectissimum
2511 2881 2609 2912 esse

195 2937 406 2997 quidquid
429 2936 620 2994 perfecto
642 2943 770 2993 poeta
791 2935 1011 2994 indignum
1032 2936 1085 2978 sit
1107 2935 1341 2979 delendum
1362 2950 1459 2979 esse
1480 2944 1649 2989 censet;
1679 2936 1892 2980 sexcentis
1913 2936 2016 2980 locis
2039 2950 2187 2980 versus
2209 2937 2276 2980 vel
2298 2937 2481 2991 carmina
2502 2951 2610 2981 non-

196 3008 309 3051 nulla
326 3007 537 3051 delentur,
559 3005 677 3063 quod
701 3005 872 3062 indigna
895 3005 978 3048 sint
994 3004 1168 3048 Horatio
1185 3005 1231 3059 ὃ).
1285 3005 1380 3057 Quo
1397 3004 1570 3049 brevius
1587 3014 1730 3050 autem
1749 3013 1790 3050 et
1805 3005 1986 3049 ieiunius
2003 3006 2240 3050 sententiae
2262 3019 2494 3064 expressae
2515 3006 2609 3057 sint,

416 3145 445 3191 ²)
471 3145 511 3180 id
537 3143 661 3189 ipsum
686 3142 887 3189 profitetur
912 3144 952 3179 B.
980 3143 1062 3179 aliis
1089 3143 1183 3180 locis
1208 3143 1314 3179 velut
1338 3143 1408 3189 Ep.
1438 3146 1469 3189 1,
1498 3146 1529 3189 1,
1556 3146 1593 3188 63
1620 3144 1658 3179 in
1683 3142 1802 3189 praef.
1829 3143 1919 3180 edit.
1944 3142 2047 3189 Lips.
2072 3154 2136 3189 pg.
2162 3144 2208 3180 V.

412 3198 444 3237 ²)
468 3193 600 3228 Horat.
626 3191 763 3227 illustr.
787 3191 1047 3229 Mitscherlich
1073 3192 1176 3238 Lips.
1206 3194 1309 3227 1800.

414 3245 444 3285 ³)
469 3242 602 3278 Horat.
630 3252 774 3278 recens.
800 3240 937 3277 illustr.
964 3243 1003 3277 et
1028 3240 1160 3278 Gallio.
1187 3240 1357 3277 versibus
1383 3239 1548 3277 reddidit
1572 3241 1860 3288 Vanderbourg.
1908 3240 2025 3278 Paris.
2078 3243 2183 3277 1812.

410 3293 440 3338 ⁴)
466 3290 548 3328 Hoc
562 3291 723 3373 iocose·
743 3301 784 3326 re
821 3301 904 3327 esse
936 3289 1087 3326 videtur
1119 3301 1290 3335 monere,
1328 3289 1438 3326 nobis
1473 3290 1635 3335 priorem
1661 3293 1810 3326 tantum
1836 3289 2039 3328 editionem
2063 3289 2314 3336 Peerlkampii
2339 3290 2426 3326 anni
2454 3292 2547 3326 1834
2570 3289 2610 3325 in

470 3350 571 3374 mam
600 3350 644 3374 us
687 3349 799 3374 uisse.

409 3388 439 3433 ⁵)
466 3386 535 3424 cfr.
558 3389 603 3422 ut
627 3386 766 3432 paucis
785 3388 933 3423 tantuin
960 3398 1005 3423 ex
1029 3398 1185 3423 numero
1211 3398 1359 3432 eorum,
1383 3398 1489 3443 ‘quae
1525 3386 1788 3433 suppeditant,
1823 3385 2001 3433 exemplis
2038 3389 2126 3423 utar
2149 3389 2259 3423 notas
2287 3399 2401 3424 carm.
2416 3386 2457 3432 .1,
2482 3385 2518 3431 2,
2544 3384 2609 3430 173

468 3434 526 3481 10,
551 3434 615 3480 13;
644 3434 700 3481 12,
725 3433 790 3480 33;
816 3435 864 3481 11,
889 3433 948 3480 15,
974 3434 1008 3469 1.
1034 3435 1100 3481 ΙΙΙ,
1126 3434 1184 3481 17,
1211 3435 1243 3471 1.
1268 3434 1491 3481 adscriptas.
