2846 3826
1368 226 1489 276 XIV

210 364 331 416 Quae
362 370 511 407 nostra
540 362 595 406 de
625 362 704 405 hac
732 375 779 404 re
809 360 1022 404 sententia
1052 360 1117 406 sit.
1148 361 1228 402 iam
1259 374 1391 417 supra
1421 359 1738 417 explicavimus,
1767 360 1840 404 ubi
1862 362 2059 411 vidimus,
2082 362 2256 405 Horatio
2289 361 2447 405 nullam
2466 369 2641 405 causam

210 421 356 482 fuisse,
386 446 465 476 cur
493 430 815 489 congruentiam
844 429 958 473 inter
986 427 1209 486 stropham
1240 435 1283 472 et
1311 436 1611 486 argumentum
1643 437 1729 473 tam
1759 438 1955 474 accurate
1985 445 2157 475 servare
2179 430 2370 476 deberet.
2412 431 2639 474 Postremo

211 501 417 546 Martinus
447 500 548 545 nihil
578 498 816 558 profecisse
846 497 1015 542 videtur
1044 511 1122 541 sua
1152 497 1206 541 de
1237 497 1501 542 Meinekiana
1531 496 1706 556 stropha
1738 498 1951 542 sententia
1980 512 2078 543 cum
2108 513 2159 545 ea
2185 513 2314 560 quam
2342 513 2391 544 se
2426 498 2640 544 invenisse

211 580 337 629 putat
366 572 435 614 lex
465 569 581 627 parvi
612 568 819 611 momenti
849 582 947 610 esse
980 568 1147 610 videtur
1167 567 1221 610 ad
1243 568 1598 624 interpolationes
1628 567 1785 610 certius
1815 567 2205 625 deprehendendas
2236 577 2415 627 propter
2437 566 2506 611 illa
2528 580 2639 626 quae

211 640 348 684 modo
389 638 581 683 diximus.
650 637 735 680 Sed
775 644 950 680 caveant
982 635 1197 685 homines,
1237 649 1334 678 cum
1363 635 1536 679 videant
1566 651 1646 679 nos
1676 635 1962 680 communiter
1992 636 2370 696 interpolationum
2400 636 2640 697 singulatim

214 710 377 754 Martini
418 707 726 752 sententiarum
767 706 1056 753 adversarios,
1096 706 1254 749 eodem
1295 706 1385 749 iure
1426 721 1506 749 nos
1546 707 1740 749 ordinem
1781 706 2134 762 antistropbicum
2165 717 2445 752 contemnere
2474 714 2639 765 putent.

215 782 280 822 De
311 777 526 835 strophica
555 775 870 834 compositione
901 775 1108 817 hactenus
1127 775 1170 829 ¹).

440 848 526 889 lam
543 860 646 888 vero
677 845 954 902 respiciamus
986 844 1191 901 deinceps
1223 859 1372 887 eorum
1396 845 1581 887 virorum
1611 844 1751 887 studia
1782 843 1854 901 qui
1875 843 1975 887 inde
2005 843 2059 886 ab
2078 845 2639 902 Hofmanno-Peerlkampio

219 920 260 963 in
299 917 394 962 crisi
431 916 656 959 Horatiana
688 914 840 958 versati
878 913 1063 957 carmina
1102 913 1329 957 ediderunt
1369 921 1412 956 et
1443 914 1686 961 videamus,
1725 928 1852 972 quam
1893 913 2076 972 quisque
2117 922 2291 959 secutus
2328 916 2381 960 sit
2420 914 2640 959 rationem.

220 990 371 1047 Neque
402 1000 505 1029 vero
543 985 669 1043 longa
712 998 824 1041 opus
866 983 945 1027 erit
987 983 1295 1040 disputatione;
1338 983 1457 1041 quod
1489 998 1584 1027 cum
1616 984 1656 1026 in
1697 982 2054 1042 praecedentibus
2094 982 2270 1028 uberius
2300 985 2558 1044 explicatum
2586 984 2642 1029 sit

221 1058 377 1117 quibus
407 1055 547 1100 causis
578 1055 779 1097 inductus
810 1054 862 1096 sit
893 1053 1058 1095 Peerlk.
1088 1052 1141 1095 ad
1173 1067 1295 1095 suam
1326 1053 1584 1096 emendandi
1615 1053 1822 1096 rationem
1855 1053 2020 1096 iamiam
2049 1054 2336 1111 posteriorum
2370 1068 2522 1098 omnes
2551 1054 2641 1097 fere

219 1126 406 1169 rationes
446 1132 489 1167 et
520 1124 610 1166 viae
650 1123 857 1166 indicatae
896 1131 991 1164 sunt
1034 1130 1075 1164 et
1114 1136 1210 1164 cum
1248 1123 1342 1178 ipso
1374 1121 1672 1178 Peerlkampio
1711 1123 1901 1166 asseclae
1938 1137 2116 1180 quoque
2158 1124 2327 1166 refutati
2365 1132 2477 1167 sunt.
2534 1125 2640 1166 Fere

220 1196 333 1240 idem
364 1194 476 1238 valet
514 1193 554 1237 in
585 1193 634 1236 iis
675 1191 955 1236 diiudicandis
997 1192 1068 1249 qui
1099 1191 1382 1248 Peerlkampii
1420 1192 1654 1234 sententias
1685 1192 1906 1235 refellendi
1938 1192 2173 1248 periculum
2203 1200 2508 1249 susceperunt;
2538 1206 2644 1250 qua-

220 1272 400 1323 propter
429 1262 470 1305 in
500 1262 579 1306 hac
608 1276 654 1305 re
684 1274 850 1304 summa
879 1260 1086 1303 brevitate
1118 1260 1176 1303 uti
1207 1259 1314 1303 licet.
1347 1285 1397 1291 —-
1429 1262 1486 1303 Ac
1516 1260 1700 1317 primum
1732 1261 1906 1320 quidem
1937 1261 1992 1305 de
2018 1260 2197 1319 Gruppii
2228 1260 2300 1320 qui
2330 1261 2466 1306 Minos
2496 1260 2643 1306 inscri—

222 1334 336 1378 bitur
363 1333 472 1376 libro
504 1332 649 1390 paucis
680 1331 981 1374 disserendum
1012 1331 1202 1381 videtur;
1234 1330 1304 1388 qui
1337 1345 1596 1387 quamquam
1627 1331 1909 1389 Peerlkampii
1939 1332 2218 1374 vehementer
2248 1331 2403 1388 probat
2433 1332 2642 1374 rationem

221 1403 401 1448 criticam
442 1415 630 1459 eumque
666 1400 708 1443 in
747 1399 1149 1457 interpolationibus
1198 1414 1434 1457 earumque
1471 1398 1706 1453 sontibust)
1758 1400 1994 1444 statuendis
2038 1409 2257 1445 auctorem
2298 1399 2450 1450 habet,
2497 1408 2642 1444 tamen

222 1472 389 1516 duabus
430 1471 701 1527 potissimum
742 1470 872 1513 rebus
912 1469 965 1512 ab
1008 1469 1078 1511 illo
1122 1468 1323 1513 discedit,
1371 1469 1488 1526 quod
1531 1476 1574 1512 et
1615 1469 1867 1513 medicinam
1904 1469 2160 1513 carminibus
2199 1483 2222 1512 a
2261 1469 2560 1527 Peerlkampio
2599 1470 2641 1513 in

221 1541 511 1597 suspicionem
550 1539 725 1596 quidem
756 1538 915 1581 vocatis
954 1538 1032 1581 sed
1074 1539 1114 1580 in
1155 1538 1335 1579 sormam
1375 1545 1516 1594 aptam
1556 1545 1597 1580 et
1640 1546 1766 1592 poeta
1809 1538 1981 1593 dignam
2021 1538 2341 1594 n0n‚restitutis
2371 1552 2419 1582 se
2450 1538 2641 1582 attulisse

224 1609 452 1669 profitetur
483 1617 524 1652 et
556 1609 673 1666 quod
705 1608 967 1651 Meinekiana
997 1607 1173 1664 stropha
1205 1607 1372 1663 cognita
1402 1608 1686 1651 instrumento
1718 1610 1839 1666 quasi
1870 1609 1970 1652 artis
1999 1609 2165 1652 criticae
2194 1609 2311 1651 illum
2341 1616 2527 1666 superat.
2572 1608 2644 1650 Ni-

222 1679 451 1723 hilominus
483 1677 701 1733 Gruppius
732 1675 831 1719 viris
861 1677 998 1719 doctis
1029 1676 1168 1719 minus
1201 1675 1406 1732 probatus
1438 1684 1480 1718 et
1509 1683 1710 1733 acceptus
1741 1685 1806 1720 est
1840 1692 1968 1735 quam
1999 1677 2067 1720 ille
2098 1685 2139 1720 et
2178 1684 2292 1721 recte
2323 1677 2510 1735 quidem.
2542 1690 2643 1720 nam

223 1737 387 1793 etiamsi
418 1745 711 1801 Teuffeli11m⁸)
743 1746 877 1788 secuti
899 1746 1093 1805 Gruppio
1124 1745 1329 1788 maiorem
1353 1745 1589 1805 elegantiae
1619 1753 1658 1789 et
1691 1746 2013 1804 pulchritudinis
2039 1760 2213 1791 sensum
2234 1744 2483 1795 tribuamus.
2513 1759 2643 1806 quam

222 1817 538 1873 Peerlkampio‚
581 1825 723 1858 tamen
764 1824 879 1858 certe
920 1817 959 1857 in
1000 1817 1069 1858 illo
1114 1830 1199 1857 non
1238 1816 1349 1856 valet
1392 1816 1491 1858 illud
1534 1824 1622 1862 ..est
1658 1830 1711 1858 ex
1752 1831 1903 1859 eorum
1933 1818 2120 1859 virorum
2160 1830 2341 1859 numero
2372 1830 2558 1875 quorum
2589 1830 2644 1859 ex

225 1887 442 1932 erroribus
480 1886 735 1942 plerumque
767 1886 834 1928 vix
875 1886 1012 1928 minus
1054 1886 1191 1928 discas
1223 1898 1349 1941 quam
1382 1898 1435 1927 ex
1470 1885 1518 1927 iis
1550 1900 1660 1942 quae
1692 1893 1808 1928 reete
1838 1885 2157 1928 observarunt.“
2217 1887 2326 1927 Dum
2357 1887 2471 1929 enim
2500 1885 2644 1929 Peerl-

226 1957 383 2015 kampii
415 1955 503 1998 sive
533 1954 625 1997 eius
654 1960 788 1996 artem
820 1953 1005 1997 criticam
1037 1953 1197 2010 probas
1228 1953 1316 1996 sive
1344 1952 1625 2010 reprehendis
1647 1968 1821 2011 semper
1845 1953 2059 1997 laudanda
2087 1963 2153 1998 est
2183 1955 2477 2013 grammatices
2508 1954 2645 1999 scien-

226 2029 292 2076 tia,
324 2025 541 2082 Gruppius
572 2024 785 2066 rarissime
816 2038 990 2067 suarum
1014 2024 1172 2066 Horatii
1204 2023 1553 2066 emendationum
1585 2025 1648 2066 vol
1681 2025 1843 2067 fontem
1875 2024 1942 2066 vel
1973 2024 2233 2079 praesidium
2261 2024 2390 2069 habet
2419 2025 2462 2068 in
2492 2025 2644 2068 obser—

225 2094 469 2139 vationibus
509 2091 790 2151 grammaticis
830 2101 873 2134 et
911 2092 1168 2148 comparatis
1207 2090 1388 2133 aliorum
1429 2099 1653 2147 poetarum
1685 2091 1912 2135 enuntiatis
1942 2092 2020 2134 sed
2059 2092 2099 2134 in
2141 2092 2340 2136 omnibus
2369 2101 2414 2136 et
2443 2092 2645 2137 eiciendis
2689 2149 2693 2155 ἱ

227 2172 267 2208 et
286 2161 574 2217 restituendis
605 2159 685 2203 su'o
716 2161 869 2202 iudicio
901 2160 1023 2217 quasi
1054 2160 1163 2202 duce
1193 2159 1430 2202 certissimo
1463 2161 1602 2202 utitur.
1662 2162 1781 2212 Quae
1811 2169 1958 2202 nostra
1987 2161 2042 2202 de
2073 2162 2266 2218 Gruppio
2296 2162 2508 2206 sententia
2537 2175 2647 2220 quo-

209 2234 338 2298 gflam
369 2231 601 2275 multorum
643 2238 685 2272 et
724 2229 1070 2274 doctissimorum
1102 2229 1290 2272 virorum
1332 2243 1547 2272 consensu
1586 2229 1865 2286 comprobata
1896 2238 1972 2277 est,
2013 2245 2099 2272 non
2139 2238 2237 2287 eget
2266 2231 2459 2287 pluribus
2489 2230 2645 2278 verbis,

224 2302 383 2362 quibus
421 2298 710 2344 confirmetur.
745 2298 995 2355 praesertim
1036 2311 1131 2340 cum
1173 2297 1213 2339 in
1254 2297 1513 2340 illustrandis
1554 2297 1660 2341 infra
1696 2297 1867 2341 duobus
1898 2297 2154 2342 carminibus
2194 2312 2280 2341 non
2312 2299 2529 2356 possimus
2558 2312 2644 2343 non

225 2372 384 2431 passim
432 2369 649 2426 respicere
690 2367 869 2425 Gruppii
916 2367 1255 2411 emendationes.
1324 2366 1544 2409 Novorum
1593 2368 1833 2411 criticorum
1874 2367 2068 2426 proxime
2113 2366 2265 2411 affines
2307 2376 2407 2412 sunt
2452 2368 2645 2427 Gruppio

226 2443 435 2486 Linkerus
465 2447 507 2483 et
537 2438 737 2481 Lehrsius
769 2438 841 2495 qui
870 2453 966 2480 eum
997 2437 1267 2481 consentiant
1303 2436 1358 2478 de
1389 2436 1788 2491 interpolationibus
1818 2439 1960 2481 multis
1990 2439 2227 2481 statuendis
2259 2439 2313 2480 ita
2342 2446 2390 2481 ut
2418 2453 2499 2482 suo
2532 2439 2647 2496 quis-

225 2524 311 2570 que
341 2508 445 2554 recti
486 2515 529 2551 et
559 2506 721 2562 pulchri
760 2505 915 2551 iudicio
946 2519 1074 2565 quam
1113 2505 1311 2550 codicum
1349 2503 1585 2549 auctoritati
1626 2504 1754 2549 fidem
1797 2506 1982 2552 tribuere
2013 2507 2138 2555 malit.
2179 2521 2266 2551 non
2295 2506 2429 2552 modo
2459 2506 2646 2567 singulas

225 2580 424 2638 strophas
454 2578 532 2621 sed
563 2578 688 2620 etiam
720 2576 827 2619 odas
857 2576 1064 2619 delendas
1093 2589 1191 2619 esse
1221 2582 1412 2617 censent.
1473 2575 1519 2615 Et
1551 2588 1654 2617 sane
1686 2575 1827 2618 dicere
1855 2576 1952 2618 licet
1972 2577 2194 2620 Lehrsium
2225 2577 2396 2620 delendi
2426 2576 2646 2621 arbitrario

225 2650 379 2693 iudicio
419 2648 546 2704 longe
587 2660 818 2704 superasse
849 2646 1092 2690 Linkerum,
1122 2645 1193 2702 qui
1233 2658 1335 2687 suae
1377 2643 1477 2686 artis
1508 2644 1676 2687 criticae
1715 2645 1923 2688 rationem
1954 2647 2009 2689 ita
2038 2646 2255 2690 describit:
2302 2647 2389 2695 „his
2419 2646 2561 2690 verbis
2590 2647 2648 2689 ita

226 2716 483 2777 comparatis
514 2730 610 2760 cum
643 2730 781 2760 novae
813 2713 1013 2759 editionis
1045 2728 1200 2757 munus
1221 2712 1523 2771 suscepissem,
1554 2713 1852 2758 recensionem
1869 2713 1922 2758 ab
1939 2715 2121 2773 Hauptio
2141 2715 2374 2760 institutam
2395 2730 2419 2759 a
2437 2716 2646 2760 Meinekio

226 2788 488 2846 recognitam
519 2788 573 2828 ita
593 2800 683 2844 -pro
706 2785 989 2828 fundamento
1022 2783 1221 2837 habuisse
1244 2796 1319 2840 par
1350 2790 1427 2829 est,
1459 2791 1504 2824 ut
1535 2783 1702 2826 illorum
1720 2784 1896 2844 vestigia
1914 2798 2041 2843 quam
2065 2784 2299 2829 certissime
2322 2791 2646 2844 persequerer.“

229 2859 353 2907 „Tum
384 2870 528 2914 neque
559 2855 789 2912 impetrare
819 2868 842 2896 a
873 2869 942 2896 me
974 2853 1094 2910 potui
1126 2854 1228 2910 quin
1258 2853 1490 2895 clarissimo
1522 2853 1662 2895 eidem
1690 2854 1778 2895 viro
1808 2854 1908 2895 illud
1941 2855 2239 2903 concederem,
2269 2855 2388 2913 quod
2417 2855 2648 2913 interpola-

225 2927 353 2972 tionis
383 2941 520 2984 genus
550 2925 591 2969 in
611 2924 770 2968 Horatii
800 2923 1057 2968 carminibus
1087 2922 1317 2981 aliquando
1348 2922 1470 2966 latius
1502 2930 1651 2979 patere
1681 2925 1845 2967 censuit
1870 2938 1998 2981 quam
2016 2923 2271 2982 plerumque
2302 2925 2564 2982 opinantur.“
2595 2950 2648 2960 --

450 2995 510 3038 Ex
551 3008 707 3052 magno
748 3007 899 3037 eorum
939 3006 1135 3037 numero.
1177 2991 1249 3050 qui
1279 3005 1374 3035 cum
1406 2992 1496 3035 sere
1527 2992 1639 3036 idem
1674 2992 1728 3036 (le
1760 2990 2157 3048 interpolationibus
2186 2993 2434 3050 cogitarent,
2469 2993 2648 3038 similem

226 3064 487 3110 emendandi
515 3064 726 3107 rationem
768 3063 903 3106 secuti
941 3069 1053 3106 sunt.
1084 3061 1207 3119 pauci
1239 3059 1351 3117 digni
1382 3059 1590 3107 videntur.
1630 3061 1703 3120 qui
1733 3060 1814 3103 hoc
1843 3060 1939 3104 loco
1970 3062 2205 3105 accuratius
2236 3069 2481 3106 tractentur.
2541 3064 2648 3106 Nam

225 3150 324 3178 cum
355 3135 446 3178 sere
480 3146 632 3175 omnes
674 3131 799 3174 huius
840 3132 1008 3188 generis
1045 3131 1173 3173 critici
1196 3121 1483 3188 *consentiant
1516 3131 1557 3172 in
1588 3130 1846 3174 emendandi
1876 3131 2050 3180 ratione,
2080 3130 2272 3174 differant
2311 3131 2366 3174 de
2395 3146 2551 3190 magno
2580 3133 2648 3177 vel

439 3275 467 3320 ¹)
494 3273 653 3311 Uberius
680 3275 943 3311 tractaverunt
968 3273 1014 3310 de
1041 3272 1113 3311 hac
1138 3283 1191 3319 re,
1216 3273 1411 3320 Schwenk‚
1437 3273 1561 3310 annal.
1588 3273 1693 3319 phil„
1717 3272 1889 3310 Meineke
1915 3272 2038 3309 annal.
2062 3273 2174 3310 Jahn.
2200 3272 2259 3319 42,
2285 3271 2368 3310 285.
2430 3274 2649 3323 Grotefend‚

490 3323 627 3361 Philol.
645 3324 692 3368 V,
707 3321 777 3358 141
798 3323 922 3366 (1850)
939 3323 1061 3368 Prien}
1087 3323 1260 3359 Muscam
1284 3324 1405 3361 Rhen.
1421 3322 1523 3368 x111,
1548 3322 1631 3358 321.
1658 3321 1781 3368 (1858)
1802 3322 2008 3367 Kirchhoff,
2028 3323 2162 3358 Amal.
2179 3322 2332 3359 Mfitzel.
2347 3323 2418 3360 ΧΠ
2445 3323 2648 3361 717—740.

435 3376 465 3420 ²)
491 3372 548 3410 Ne
573 3371 693 3409 levius
719 3371 791 3409 hac
813 3371 851 3407 in
876 3383 917 3409 re
942 3374 1115 3409 versatus
1141 3371 1282 3418 videar,
1307 3371 1538 3409 monendum
1564 3375 1623 3408 est
1645 3371 1856 3418 Gruppium
1881 3371 2215 3418 interpolationum
2230 3371 2414 3419 originem
2431 3373 2509 3411 fere
2526 3376 2649 3411 totam

491 3433 513 3457 e
538 3422 832 3466 bibliopolarum
860 3421 1019 3456 avaritia
1045 3420 1306 3457 deducendam
1332 3433 1415 3457 esse
1441 3431 1613 3464 censer-«33
1648 3432 1743 3465 quae
1771 3421 1956 3456 sententia
1983 3432 2096 3464 quam
2128 3421 2329 3456 artificiose
2354 3423 2572 3467 excogitata
2599 3423 2650 3458 sit

490 3472 529 3507 et
555 3471 790 3516 quantopere
825 3468 1029 3506 abhorreat
1055 3481 1077 3506 a
1103 3481 1212 3516 vero,
1246 3481 1361 3516 supra
1395 3468 1755 3514 demonstravimus,
1791 3480 1913 3516 neque
1944 3469 2140 3506 immemor
2172 3480 2254 3506 sum
2287 3469 2389 3507 illius
2422 3471 2650 3518 argumenti,

489 3520 592 3565 quod
617 3531 757 3555 novum
783 3519 915 3555 attulit
941 3519 1143 3566 Gruppius,
1170 3532 1244 3565 quo
1272 3531 1379 3555 suam
1405 3520 1464 3556 vel
1491 3520 1618 3565 potius
1645 3519 1895 3565 Peerlkampii
1921 3518 2187 3556 auctoritatem
2212 3518 2418 3556 confirmet.

432 3574 462 3609 ¹)
489 3569 645 3613 Teuffel,
671 3579 801 3614 progr.
828 3567 923 3604 Tub.
952 3567 1057 3603 1868.
1189 3618 1219 3642 ⁴

486 3776 489 3778 Ι
509 3753 522 3771 b
