2846 3826
1344 149 1440 200 XII

186 286 268 338 Qui
311 286 427 328 illum
473 299 559 329 non
605 284 738 327 modo
784 291 958 327 secutus
1002 290 1070 326 est
1112 282 1192 326 sed
1238 282 1365 325 etiam
1407 281 1583 325 audacia
1622 281 1863 326 coniciendi
1902 289 1946 326 et
1986 281 2246 327 emendandi
2286 279 2503 340 superavit
2540 286 2607 324 est

186 354 448 406 Prienius,
478 354 550 415 qui
580 352 763 412 epistola
792 353 848 397 ad
870 352 917 398 G.
937 353 1125 397 Curtium
1156 351 1313 409 scripta
1344 365 1498 396 novam
1518 351 1573 395 de
1590 351 1907 410 compositione
1932 352 2149 411 strophica
2170 351 2336 411 profert
2352 349 2607 396 sententiam

188 426 244 471 ad
273 438 458 485 eamque
487 431 619 469 totam
650 422 705 468 de
734 421 1136 482 interpolationibus
1167 422 1465 482 quaestionem
1494 421 1685 466 revocari
1715 421 1804 465 vult
1833 421 1902 466 vel
1931 423 2075 479 potius
2104 437 2227 467 suam
2257 423 2312 466 de
2341 422 2421 465 hac
2439 434 2487 464 re
2509 433 2608 464 sen-

188 496 367 539 tentiam
405 494 642 552 excogitata
681 507 793 537 nova
831 493 1146 550 compositione
1183 491 1445 550 probaturus
1475 498 1552 534 est.
1609 490 1715 533 Nam
1745 503 1843 533 cum
1873 503 2128 548 persuasum
2158 490 2347 542 haberet,
2375 489 2609 543 Horatium,

191 580 304 626 quae
342 565 434 610 eius
474 570 588 609 esset
616 576 685 607 ars
715 570 846 622 atque
876 562 1065 607 Graecos
1096 561 1284 606 imitandi
1316 561 1517 610 studium,
1557 560 1682 604 etiam
1711 560 1768 604 ita
1797 574 1874 604 eos
1904 568 2098 604 secutum
2129 576 2241 612 esse,
2270 574 2533 606 consensum
2562 567 2610 603 ut

193 636 412 696 quendam
443 635 552 677 inter
579 633 818 691 argumenti
849 641 892 676 et
922 633 1125 690 strophae
1155 631 1363 675 terminos
1382 638 1565 689 peteret,
1595 643 1748 674 omnes
1767 629 1967 687 strophas
1990 629 2159 682 duabus
2179 631 2292 689 paris
2309 629 2610 690 magnitudinis

194 705 386 764 partibus
425 702 638 747 rarissime
681 701 814 744 tribus
854 701 1098 745 distributas
1139 716 1237 744 esse
1275 701 1449 758 colligit,
1489 714 1595 758 quas
1636 700 1742 743 duas
1782 698 2054 757 stropharum
2100 707 2245 756 partes
2282 700 2397 744 haud
2436 700 2525 744 scio
2555 712 2609 742 an

195 782 390 833 respecta
430 780 471 817 et
511 779 759 829 comparata
798 770 923 814 medii
964 770 1055 813 aevi
1093 769 1325 830 lyricorum
1361 769 1674 813 consuetudine
1704 768 1915 812 adductus
1945 769 1998 812 sit
2026 777 2073 812 ut
2102 771 2294 813 nominet
2325 770 2610 829 ,Ausgesang‘

197 853 239 889 et
271 843 552 902 ‚Abgesang“.
622 842 681 883 lta
721 840 785 887 fit,
815 846 861 882 ut
890 839 1104 885 Prienius.
1134 853 1222 898 quo
1254 839 1321 883 ille
1352 853 1481 899 quem
1513 853 1536 882 a
1565 839 1737 883 Horatio
1767 845 2019 897 usurpatum
2048 852 2147 885 esse
2177 847 2310 897 putat,
2338 838 2610 897 stropharum

199 923 241 958 et
282 912 588 957 sententiarum
629 925 766 953 nexus
805 910 976 954 oriatur.
1018 909 1129 951 nulla
1168 909 1365 951 codicum
1406 909 1568 952 ratione
1606 908 1747 952 habita
1789 922 2074 968 quaecunque
2113 908 2169 951 illi
2209 910 2403 954 struendi
2445 910 2610 954 ratione

198 983 354 1029 resistit
383 980 572 1039 stropha,
601 979 858 1024 reiciendam
889 987 932 1023 et
962 978 1255 1035 interpolatori
1284 977 1554 1022 tribuendam
1585 994 1683 1022 esse
1712 987 1879 1022 statuat.
1937 980 2064 1022 Multa
2094 980 2270 1038 quidem
2300 981 2487 1024 carmina
2515 994 2613 1025 cum

200 1052 415 1115 quaternis
446 1050 513 1096 vel
543 1050 659 1096 senis
689 1057 934 1095 constarent
967 1048 1166 1107 strophis.
1196 1047 1439 1108 effugerunt
1469 1049 1724 1107 perniciem;
1769 1049 1865 1099 alia,
1906 1064 2015 1108 quae
2055 1058 2234 1108 propter
2267 1051 2475 1109 imparem
2505 1060 2614 1096 stro-

200 1125 379 1185 pharum
411 1136 636 1165 numerum
669 1135 756 1164 non
787 1119 979 1164 serebant
1009 1119 1118 1163 illam
1143 1133 1273 1176 supra
1295 1119 1632 1163 demonstratam
1655 1127 1921 1170 structuram,
1940 1133 2037 1164 cum
2058 1119 2268 1164 haberent
2286 1121 2440 1165 Prienii
2458 1122 2614 1166 iudicio

199 1209 350 1239 versus
392 1192 655 1249 inelegantes
686 1190 753 1233 vel
782 1204 808 1233 a
837 1189 1008 1233 metrica
1039 1196 1081 1232 et
1111 1202 1134 1231 a
1164 1189 1434 1247 grammatica
1464 1196 1507 1233 et
1536 1203 1559 1233 a
1590 1188 1730 1248 lingua
1770 1189 1950 1240 alienos,
1990 1204 2073 1234 una
2102 1198 2174 1234 aut
2204 1190 2396 1249 pluribus
2426 1191 2615 1249 strophis

166 1281 168 1283 ’
201 1263 518 1308 minuebantur;
557 1262 730 1303 suerunt
761 1261 960 1316 denique,
991 1259 1146 1316 quibus
1177 1273 1274 1300 cum
1305 1259 1440 1315 impar
1469 1259 1643 1317 quidem
1673 1258 1947 1316 stropharum
1977 1273 2180 1303 numerus
2211 1260 2289 1304 sed
2320 1274 2374 1305 ne
2404 1260 2618 1306 levissima

204 1332 376 1392 quidem
399 1330 600 1374 reiciendi
620 1344 749 1374 causa
772 1336 899 1376 esset.
928 1330 1107 1382 προῳόός
1129 1327 1193 1370 vel
1223 1326 1385 1380 ἐπῳδός
1413 1328 1476 1370 vel
1508 1336 1689 1384 utraque
1719 1329 2043 1371 concederetur.
2084 1330 2171 1371 Sed
2196 1329 2280 1371 hoc
2306 1330 2482 1387 quidem
2506 1343 2615 1373 raro.
2672 1340 2677 1347 ·

203 1401 329 1456 Quod
360 1400 394 1444 si
426 1398 655 1459 quaeritur,
688 1411 798 1457 quae
830 1404 976 1442 nostra
1007 1396 1062 1440 de
1092 1396 1245 1440 Prienii
1276 1396 1437 1440 ratione
1468 1396 1608 1441 critica
1638 1397 1691 1441 sit
1720 1398 1943 1448 sententia,
1972 1399 2273 1446 concesserim.
2303 1400 2446 1443 multis
2466 1400 2508 1443 in
2527 1414 2617 1443 car-

203 1471 385 1514 minibus
415 1484 462 1512 re
493 1482 591 1511 vera
621 1481 832 1525 apparere
863 1475 1020 1510 certam
1052 1466 1269 1524 quandam
1306 1473 1580 1515 structuram,
1620 1479 1731 1525 quae
1769 1467 2006 1525 comparari
2045 1467 2180 1525 possit
2218 1482 2314 1512 cum
2356 1467 2617 1514 Graecorum

202 1538 493 1598 componendi
523 1538 719 1581 carminis
748 1537 867 1597 lyrici
898 1536 1073 1579 ratione.
1142 1536 1293 1593 Neque
1325 1549 1428 1577 vero
1460 1535 1632 1592 probari
1663 1544 1824 1594 potest,
1859 1537 1970 1581 hanc
2006 1544 2258 1581 structuram
2288 1539 2509 1583 Horatium
2538 1553 2618 1596 pro

203 1612 298 1669 lege
328 1608 548 1657 habuisse,
590 1621 717 1665 quam
749 1601 978 1664 neglegere
1008 1605 1087 1648 sibi
1118 1605 1210 1662 ipse
1242 1619 1329 1647 non
1358 1605 1635 1651 concederet.
1668 1620 1765 1649 cum
1803 1606 1935 1664 ipsius
1967 1606 2167 1665 Sapphus
2198 1621 2309 1666 quae
2339 1616 2501 1653 restant
2531 1608 2619 1653 duo

204 1679 389 1725 carmina
418 1677 598 1721 alterum
629 1684 832 1734 quattuor
860 1676 1040 1719 alterum
1062 1682 1231 1731 septem
1251 1674 1439 1731 strophis
1464 1674 1547 1717 sint
1570 1676 1820 1732 composita.
1862 1678 2000 1734 Atque
2020 1677 2220 1735 quoniam
2244 1677 2369 1722 nobis
2389 1677 2620 1736 probatum

206 1756 289 1800 est,
331 1744 733 1806 interpolationibus
775 1745 950 1789 omnino
992 1759 1079 1788 non
1118 1743 1383 1802 inquinatum
1415 1758 1511 1788 esse
1543 1745 1780 1795 Horatium,
1814 1745 1893 1790 illis
1922 1746 2045 1803 ipsis,
2087 1762 2198 1805 quos
2228 1748 2419 1791 Prienius
2448 1749 2620 1806 spurios

207 1819 380 1867 notavit,
411 1815 603 1859 versibus
634 1814 883 1858 confirmata
913 1822 979 1857 est
1010 1822 1154 1856 nostra
1186 1813 1240 1856 de
1270 1812 1348 1856 hac
1374 1827 1420 1856 re
1451 1814 1681 1866 sententia;
1711 1815 1882 1864 etenim,
1912 1815 2013 1873 quid
2045 1824 2147 1864 erat,
2179 1817 2477 1875 quaesiverim,
2501 1817 2621 1876 quod

210 1900 471 1948 quemquam
510 1898 686 1929 movere
727 1891 897 1942 posset,
939 1892 982 1927 ut
1021 1882 1104 1927 huc
1142 1882 1238 1926 illuc
1277 1896 1403 1925 unam
1437 1882 1502 1926 vel
1533 1883 1638 1927 duas
1668 1884 1868 1942 strophas
1900 1885 2107 1929 insereret
2138 1887 2204 1930 vel
2234 1887 2276 1930 in
2307 1888 2450 1930 medio
2480 1888 2550 1930 vel
2580 1888 2621 1930 in

209 1966 403 2002 extremo
443 1955 628 1999 carmine
668 1967 845 2011 semper
886 1967 1020 2011 opera
1060 1953 1157 1995 data
1186 1960 1232 1995 ut
1263 1960 1446 1995 metrum
1477 1960 1519 1996 et
1548 1961 1846 2011 argumentum
1875 1953 1955 1998 sibi
1984 1956 2311 2013 responderent.
2369 1955 2559 2001 Difficilis
2588 1957 2623 2001 is

206 2042 310 2071 sane
341 2035 385 2069 et
415 2039 628 2081 operosus
658 2023 782 2066 labor
811 2031 855 2065 et
884 2022 1061 2065 dubium
1084 2030 1149 2064 est
1171 2036 1255 2078 qua
1279 2023 1333 2064 de
1357 2036 1484 2064 causa
1504 2023 1783 2077 interpolator
1803 2031 2142 2080 permoveretur,
2174 2032 2221 2067 ut
2251 2038 2351 2068 eum
2372 2025 2623 2084 susciperet.

207 2096 370 2141 Idcirco
407 2092 462 2139 ab
501 2107 651 2137 eorum
684 2090 874 2150 partibus
904 2091 1160 2138 steterimus,
1200 2092 1272 2149 qui
1303 2091 1516 2134 Prienium
1548 2091 1721 2148 quidem
1752 2106 1964 2150 persaepe
1994 2108 2161 2137 errasse
2193 2103 2344 2151 putant
2373 2109 2470 2139 cum
2501 2097 2623 2139 nimis

208 2179 289 2209 suo
310 2163 464 2207 iudicio
484 2162 587 2205 indu
609 2169 740 2220 geret,
760 2161 838 2205 sed
862 2174 1122 2219 quamquam
1144 2161 1363 2204 Horatium
1386 2174 1465 2217 per
1484 2160 1614 2204 multa
1634 2161 1820 2204 carmina
1839 2161 2113 2206 artificiosum
2131 2163 2404 2222 stropharum
2429 2165 2626 2209 ordinem

209 2242 402 2279 secutum
441 2246 539 2275 esse
579 2231 840 2280 concedunt,
880 2231 1105 2288 diligenter
1133 2228 1301 2278 cavent,
1333 2244 1388 2272 ne
1418 2229 1526 2273 hauc
1555 2237 1807 2273 structuram
1838 2230 1977 2288 legem
2008 2231 2139 2275 fuisse
2169 2240 2321 2290 putent
2350 2234 2508 2277 Horatii
2537 2242 2626 2278 tam

209 2316 401 2348 severam
434 2309 476 2345 et
507 2301 656 2344 duram
689 2308 736 2343 ut
766 2314 876 2358 quae
907 2300 960 2343 ad
992 2313 1086 2342 eam
1116 2299 1386 2343 accomodari
1419 2296 1647 2356 nequeant,
1675 2300 1832 2342 Horatii
1862 2313 1959 2344 esse
1989 2308 2147 2359 negent
2161 2301 2203 2355 ¹).

432 2370 594 2414 Eodem
636 2370 726 2414 sere
756 2376 968 2429 tempore,
997 2382 1084 2428 quo
1115 2368 1308 2414 Prienius
1339 2368 1567 2413 violentius
1597 2382 1693 2413 mea
1723 2369 1895 2428 quidem
1925 2370 2136 2415 sententia
2164 2372 2382 2416 Horatium
2411 2374 2628 2425 tractabat,

211 2444 315 2486 alius
346 2442 505 2484 exstitit
523 2441 682 2482 Horatii
713 2441 1029 2496 interpretator,
1060 2440 1131 2496 qui
1157 2451 1418 2496 quamquam
1438 2438 1836 2495 interpolationibus
1856 2440 2073 2483 Horatium
2096 2441 2360 2500 inquinatum
2383 2450 2425 2487 et
2442 2443 2630 2488 carmina

210 2509 518 2569 antistrophica
547 2509 713 2553 ratione
744 2515 960 2553 exstructa
990 2522 1088 2552 csse
1118 2507 1165 2552 iis
1197 2508 1269 2566 qui
1300 2507 1637 2565 praecesserant,
1666 2508 1943 2559 concedebat,
1973 2518 2114 2553 tamen
2144 2511 2185 2554 in
2217 2511 2295 2555 illis
2324 2513 2629 2572 investigandis

214 2595 386 2626 omnem
416 2579 635 2624 libidinem
666 2578 976 2623 removendam
1007 2592 1105 2622 esse
1135 2586 1250 2622 recte
1281 2586 1442 2622 censet.
1508 2579 1581 2622 Est
1610 2577 1676 2621 hic
1704 2577 1919 2628 Martinus,
1948 2577 2010 2621 vir
2039 2579 2322 2631 doctissimus,
2363 2582 2435 2640 qui
2466 2582 2630 2640 primus

214 2652 254 2694 in
296 2650 479 2710 epistola
519 2650 573 2693 ad
614 2651 656 2692 F.
686 2648 960 2693 Ritschelium
1000 2648 1155 2705 scripta
1194 2647 1302 2691 hanc
1340 2648 1448 2691 viam
1491 2648 1710 2706 ingressus
1740 2655 1807 2692 est
1835 2647 1890 2691 ita
1921 2656 1966 2691 ut
1996 2648 2272 2694 defendendo
2302 2659 2346 2694 et
2375 2651 2630 2708 explicando

214 2721 347 2779 magis
388 2734 516 2778 quam
560 2719 749 2762 delendo
786 2718 961 2761 Horatio
1001 2730 1178 2776 operam
1217 2717 1347 2761 daret.
1416 2717 1619 2762 Defendit
1658 2717 1772 2761 enim
1810 2729 1981 2762 carmen
2011 2717 2103 2763 libri
2133 2720 2256 2778 primi
2286 2721 2484 2778 primum,
2512 2722 2632 2781 quod

215 2792 309 2848 ipse
348 2798 473 2834 antea
501 2789 729 2833 Ritschelio
768 2796 944 2832 auctore
976 2788 1134 2845 passim
1164 2795 1414 2844 corruptum
1445 2787 1654 2831 habuerat
1684 2796 1726 2830 et
1756 2795 1959 2846 quattuor
1987 2789 2174 2847 strophis
2204 2790 2347 2835 eiectis
2378 2791 2420 2835 in
2450 2791 2632 2837 formam

215 2858 563 2917 antistrophicam
602 2857 798 2916 redigere
839 2866 1107 2915 susceperat,
1148 2865 1308 2900 mutata
1348 2859 1403 2901 de
1432 2858 1510 2900 hac
1539 2872 1587 2900 re
1617 2858 1828 2900 sententia
1857 2858 1988 2915 idque
2018 2859 2051 2900 si
2081 2860 2220 2902 minus
2249 2860 2472 2917 pulchrum
2501 2869 2633 2918 poeta

217 2944 306 2974 non
338 2928 463 2987 plane
492 2927 713 2986 indignum
743 2935 914 2979 censet;
945 2927 1068 2984 primi
1099 2933 1242 2970 autem
1272 2925 1366 2969 libri
1395 2939 1567 2970 carmen
1591 2925 2009 2978 duodetricesimum,
2037 2940 2208 2972 crucem
2238 2929 2349 2973 illam
2379 2930 2636 2982 criticorum,

214 3014 313 3044 cum
345 2997 502 3041 tribuat
532 2996 699 3041 duabus
729 2996 928 3055 personis
951 2995 1082 3041 verba
1112 2995 1365 3041 facientibus
1386 3005 1539 3041 nautae
1562 3003 1603 3040 et
1626 2996 1844 3055 naufrago,
1876 2995 2107 3040 offenditur
2127 2998 2304 3058 stropha
2325 2999 2485 3058 quinta,
2504 3014 2634 3060 quam

214 3068 371 3114 Horatii
412 3080 500 3112 non
539 3079 636 3111 esse
675 3073 797 3125 putat
836 3072 879 3110 et
916 3074 1097 3124 propter
1136 3066 1277 3124 ipsum
1316 3075 1614 3125 argumentum
1652 3075 1693 3109 et
1732 3066 2023 3124 perturbatam
2063 3068 2141 3111 hac
2175 3068 2352 3126 stropha
2380 3077 2635 3114 structuram

216 3136 577 3195 antistrophicam.
642 3137 747 3179 Nam
789 3149 886 3180 cum
928 3136 1027 3180 satis
1065 3143 1288 3194 appareat,
1325 3136 1391 3180 illa
1429 3135 1593 3193 primae
1631 3135 1834 3194 strophae
1876 3145 1941 3185 „te
1980 3137 2129 3181 maris“
2170 3146 2214 3181 et
2253 3137 2327 3181 illo
2364 3147 2511 3184 sextae
2542 3156 2635 3191 „me

214 3212 412 3265 quoque“
453 3206 682 3249 enuntiatis
722 3205 777 3249 ab
814 3206 990 3249 Horatio
1029 3206 1124 3265 ipso
1160 3205 1389 3250 indicatum
1428 3218 1525 3250 esse
1566 3204 1679 3251 hunc
1716 3206 1930 3259 ordinem,
1967 3207 2158 3267 quintam
2187 3214 2331 3252 autem
2360 3208 2528 3256 duabus
2557 3210 2636 3256 illis

216 3276 412 3336 partibus
452 3276 652 3321 insertam
693 3276 810 3319 nullo
850 3277 983 3320 modo
1023 3277 1121 3321 ferri
1161 3291 1309 3335 posse,
1352 3276 1553 3334 quoniam
1586 3290 1639 3320 ne
1669 3278 1850 3332 μεσῳδοῦ
1880 3277 2055 3336 quidem
2091 3277 2199 3322 ullus
2230 3278 2283 3321 sit
2312 3278 2450 3330 locus,
2488 3295 2637 3326 errore

433 3407 462 3451 ¹)
486 3407 573 3452 Ipse
610 3406 821 3453 Gruppius,
856 3407 919 3453 qui
953 3408 1128 3445 licentius
1166 3408 1339 3444 omnibus
1372 3408 1454 3444 aliis
1479 3407 1625 3444 libidini
1651 3407 1805 3445 criticae
1829 3408 2021 3454 indulget,
2052 3408 2175 3445 Prieni
2202 3410 2427 3446 emendandi
2450 3412 2638 3449 rationem

486 3467 563 3490 non
589 3455 741 3501 probat,
768 3456 986 3493 testimonio
1014 3469 1125 3502 qnam
1152 3457 1277 3493 audax
1303 3457 1355 3493 sit
1378 3457 1439 3492 Pr.
1459 3457 1498 3492 in
1524 3454 1701 3493 eiciendis
1730 3456 1896 3502 strophis
1922 3468 2012 3493 usus
2038 3456 2125 3493 libri
2149 3457 2259 3504 primi
2286 3458 2360 3495 oda
2385 3470 2485 3497 nona
2500 3460 2638 3506 (Minos

489 3513 555 3549 pgr.
581 3501 686 3541 3965:
722 3515 883 3548 quorum
908 3505 1212 3542 testimoniorum
1237 3517 1434 3541 numerum
1462 3505 1575 3541 facile
1604 3505 1735 3550 augeri
1759 3504 1858 3541 licet.
