2846 3826
1329 72 1438 158 ⁸V
1824 62 1827 64 *
2102 159 2104 161 .
2446 130 2450 162 .÷

205 227 262 284 eo
290 238 509 299 digniores
536 237 628 282 illas
655 238 830 281 Horatio
860 238 900 282 ei
930 237 1040 282 visas
1068 251 1186 289 esse,
1214 237 1401 282 cernitur
1428 251 1483 282 ex
1511 238 1584 281 illo
1613 245 1857 290 enuntiato,
1885 238 2014 283 totius
2042 239 2143 283 artis
2173 239 2338 284 criticae
2367 241 2489 299 quasi
2517 240 2617 285 fun-

206 308 424 358 damento,
449 307 494 350 in
523 320 612 365 quo
638 306 845 364 legimus:
877 306 1105 364 „equidem
1132 306 1350 351 Horatium
1380 321 1469 351 non
1497 321 1686 366 agnosco
1718 308 1796 352 nisi
1814 308 1858 351 in
1879 307 1958 353 illis
1987 307 2144 368 ingenii
2172 310 2474 362 monumentis,
2501 323 2615 370 quae

204 385 294 422 tam
320 383 421 436 apta
448 384 493 421 et
519 375 707 421 rotunda
733 383 855 428 sunt,
896 382 941 420 ut
970 374 1069 420 nihil
1098 375 1273 421 demere
1307 375 1461 436 possis,
1492 376 1594 437 quin
1624 377 1878 438 elegantiam
1907 377 2096 422 minuas“
2128 377 2322 438 neglecta
2351 379 2539 423 omnium
2569 387 2615 424 et

205 446 552 492 doctissimorum
579 446 770 490 virorum
797 446 1020 494 sententia.
1047 446 1121 505 qui
1150 447 1193 491 in
1222 446 1338 491 nullo
1368 461 1557 506 poeseos
1586 461 1746 506 genere
1776 457 1974 492 ornatum
2003 448 2220 507 quendam
2247 456 2293 492 et
2320 447 2490 506 copiam
2515 462 2612 494 ver-

204 515 362 561 borum
383 515 617 561 desiderari
640 529 772 574 posse
793 522 924 575 atque
947 514 1012 559 his
1030 514 1161 560 rebus
1180 530 1326 560 veram
1352 516 1463 561 illius
1490 517 1573 560 vim
1599 525 1642 561 et
1663 524 1857 560 naturam
1876 518 2019 561 inesse
2037 518 2322 561 consentiunt.
2350 541 2405 550 —
2430 518 2559 570 Quod
2580 519 2617 562 si

203 586 317 631 illam
352 584 634 642 Peerlkampii
673 584 897 642 epistolam
937 586 1159 644 sequimur
1188 586 1371 643 primum
1400 586 1669 644 intelligimus
1699 587 1856 644 quibus
1887 588 2027 629 causis
2057 587 2122 630 vir
2151 587 2426 630 doctissimus
2456 586 2512 629 sit
2539 584 2616 629 a‘d·

206 656 360 699 ductus
388 655 444 698 ad
473 668 569 697 eam
598 668 728 711 quam
757 654 919 711 profert
948 655 1049 698 artis
1079 656 1246 699 criticae
1276 656 1498 699 rationem.
1565 655 1796 700 Profitetur
1833 659 1949 700 enim
1978 670 2025 699 se
2057 669 2316 714 quamquam
2345 669 2425 713 per
2453 652 2615 699 multos

204 737 342 769 annos
371 722 613 768 tractaverit
640 729 815 781 poetam
843 730 1154 783 tractatumque
1184 724 1349 768 noverit
1381 732 1426 767 ut
1445 724 1612 784 digitos,
1636 725 1833 769 incidisse
1855 724 1897 767 in
1918 724 2156 783 permultos
2178 738 2325 768 versus
2344 723 2615 773 Horatianos,

204 807 316 853 quos
357 792 590 851 intelligere
629 793 850 852 nequierit.
891 817 946 825 ——
985 794 1280 837 Consideranti
1320 802 1486 844 autem,
1526 809 1637 852 quae
1678 795 1802 837 huius
1838 795 1897 837 rei
1932 808 2062 837 causa
2090 795 2155 843 sit,
2185 794 2340 837 Horatii
2369 793 2503 837 libros
2532 791 2615 836 sibi

203 864 319 908 visos
359 877 457 908 esse
492 863 737 921 inquinatos
778 877 867 906 non
903 862 1056 907 talibus
1095 863 1222 914 vitiis,
1261 863 1399 922 qualia
1439 863 1638 908 omnibus
1679 878 1733 908 ex
1772 863 2023 923 antiquitate
2061 862 2217 907 relictis
2253 863 2391 908 inesse
2420 861 2613 907 omnium

202 932 423 977 hominum
454 931 680 976 doctorum
711 946 927 976 consensu
966 940 1201 982 constaret,
1239 933 1319 975 sed
1359 933 1756 990 interpolationibus
1795 933 2065 975 creberrimis
2095 941 2140 975 et
2168 934 2480 990 antiquissimis.
2542 931 2615 974 llla

205 1003 303 1045 vitia
330 1002 506 1060 antiquo
534 1010 733 1059 tempore
763 1009 859 1044 nata
889 1015 1028 1059 usque
1057 1001 1111 1044 ad
1142 1009 1413 1058 praesentem
1444 1010 1627 1046 aetatem
1656 1011 1888 1060 propagata
1917 1016 2037 1055 esse;
2066 1002 2129 1046 his
2152 1002 2296 1046 eiectis
2322 1009 2410 1045 tum
2433 1001 2611 1046 demum

203 1071 366 1117 Horatii
395 1071 580 1117 carmina
607 1070 829 1116 redactum
858 1070 905 1114 iri
934 1070 976 1114 in
1006 1084 1113 1122 eam,
1144 1085 1230 1130 qua
1257 1072 1351 1130 ipse
1380 1079 1511 1130 poeta
1539 1072 1769 1131 reliquerit,
1798 1071 1990 1116 sormam.
2021 1096 2073 1104 —

422 1143 526 1184 Tum
554 1140 699 1184 studet
729 1147 773 1182 ut
801 1140 923 1183 istam
953 1140 1009 1183 de
1039 1140 1437 1197 interpolationibus
1469 1142 1717 1199 opinionem
1749 1155 1860 1199 quae
1887 1150 2158 1200 quantopere
2185 1155 2294 1184 nova
2325 1142 2379 1183 sit
2401 1151 2446 1183 et
2465 1141 2606 1184 adhuc

203 1210 416 1270 incognita
454 1217 497 1254 et
536 1208 704 1253 differat
740 1208 794 1251 ab
834 1207 1014 1252 aliorum
1059 1223 1298 1268 eorumque
1343 1211 1688 1255 doctissimorum
1733 1211 2039 1268 interpretandi
2084 1211 2246 1254 ratione
2291 1210 2402 1253 haud
2444 1210 2613 1268 ignorat

203 1287 373 1325 tueatur
409 1292 592 1338 eamque
631 1292 679 1322 se
720 1277 845 1322 nobis
886 1278 1171 1336 probaturum
1209 1294 1307 1324 esse
1347 1281 1503 1339 duplici
1528 1281 1675 1338 *modo
1714 1288 1878 1338 sperat:
1924 1281 2108 1338 primum
2148 1280 2266 1339 quod
2305 1279 2532 1323 nonnullos
2567 1287 2612 1324 et

202 1349 539 1408 spectatissimos
579 1347 700 1404 viros*
734 1347 788 1391 de
825 1347 1224 1405 interpolationibus
1266 1349 1433 1392 iamiam
1470 1351 1709 1408 suspicatos
1749 1364 1849 1393 esse
1885 1351 2156 1394 demonstrat
2190 1358 2279 1392 tum
2319 1349 2434 1408 quod
2467 1348 2610 1392 multis

203 1419 341 1464 causis
372 1419 444 1477 qui
472 1419 570 1461 fons
600 1418 808 1477 quodque
841 1417 1094 1475 principium
1124 1419 1287 1461 illarum
1317 1419 1443 1462 fuerit
1472 1427 1763 1476 perscrutatur
1791 1427 1834 1462 et
1863 1419 2066 1476 explicat;
2096 1419 2290 1462 homines
2318 1418 2429 1461 docti
2454 1425 2613 1467 antem,

205 1504 390 1549 quorum
420 1488 592 1532 nomina
621 1495 664 1532 et
692 1488 984 1532 auctoritatem
1015 1488 1080 1532 sui
1109 1497 1287 1533 conatus
1308 1489 1429 1548 quasi
1460 1489 1718 1547 praesidium
1738 1497 1782 1533 et
1803 1497 1972 1534 scutum
1995 1488 2172 1547 profert,
2201 1496 2299 1533 sunt
2316 1486 2613 1538 Marklandius,

203 1558 480 1604 Ruhnkenius
509 1557 780 1601 Valkenarius
810 1564 853 1600 et
882 1558 1071 1616 quodam
1102 1559 1234 1602 modo
1264 1558 1500 1612 Bentleius3
1531 1559 1686 1618 quibus
1717 1567 1925 1618 quantum
1955 1560 2033 1603 hac
2063 1560 2102 1602 in
2134 1573 2180 1603 re
2199 1558 2455 1603 auctoritatis
2477 1556 2608 1600 tribu·

204 1628 365 1673 endum
394 1627 447 1672 sit
476 1634 520 1670 et
550 1641 638 1686 quo
668 1626 759 1670 iure
790 1626 955 1670 Peerlk.
984 1627 1050 1670 his
1080 1642 1183 1671 usus
1214 1628 1267 1671 sit
1295 1628 1553 1679 auctoribus,
1583 1630 1688 1672 infra
1717 1630 1967 1688 inquiretur.
2000 1654 2051 1660 —

426 1698 512 1740 Iam
550 1711 652 1740 vero
692 1697 912 1740 videamus
952 1712 1039 1755 quo
1079 1698 1211 1741 modo
1250 1699 1293 1740 P.
1324 1698 1398 1741 1135
1436 1698 1787 1756 interpolationes
1825 1706 1939 1742 ortas
1970 1713 2069 1743 esse
2099 1713 2351 1756 persuasum
2381 1696 2534 1740 habeat
2563 1704 2607 1739 et

204 1767 361 1827 quibus
406 1767 544 1811 causis
588 1767 678 1810 aliis
723 1766 983 1824 probaturus
1024 1767 1089 1810 sit.
1130 1767 1285 1825 quibus
1330 1767 1530 1813 omnibus
1574 1768 1837 1826 perlustratis
1882 1776 2072 1813 nostram
2117 1769 2171 1812 de
2211 1776 2298 1812 tota
2336 1775 2425 1811 arte
2465 1767 2608 1811 critica

202 1836 484 1894 Peerlkampii
514 1835 769 1881 sententiam
799 1835 1029 1894 explanare
1059 1835 1194 1880 liceat.

425 1906 610 1950 Plurima
649 1906 746 1950 vitia
785 1904 980 1964 prosecta
1018 1920 1137 1956 esse,
1175 1907 1397 1950 contendit
1425 1921 1480 1950 ex
1511 1907 1594 1957 illa,
1634 1922 1745 1966 quae
1786 1916 1876 1950 tum
1905 1922 1988 1950 una
2017 1916 2110 1950 erat
2138 1907 2268 1949 libros
2298 1906 2604 1964 multiplicandi

202 1978 380 2026 ratione,
410 1991 434 2020 e
465 1976 717 2029 scribend0;
759 1977 837 2020 hac
865 1991 912 2019 re
943 1977 1190 2034 quicunque
1217 1977 1344 2020 vellet
1371 1985 1536 2020 mutare
1566 1978 1836 2035 exstinguere
1867 1978 2051 2021 auctoris
2082 1976 2222 2020 verbis
2258 1992 2333 2020 sua
2364 1976 2605 2020 immiscere

201 2046 415 2105 potuisse;
452 2045 536 2089 hoc
565 2045 695 2088 modo
725 2045 882 2088 sactum
913 2059 1023 2094 esse,
1052 2052 1100 2088 ut
1127 2059 1340 2103 persaepe
1371 2060 1482 2103 quae
1511 2054 1627 2090 esset
1655 2047 1839 2090 auctoris
1871 2060 1982 2104 quae
2013 2045 2177 2089 scribae
2207 2046 2464 2103 distinguere
2495 2044 2606 2088 disfi-

201 2116 401 2160 cillimum
430 2115 592 2159 fuisset.
645 2115 821 2158 Multum
851 2115 1007 2159 deinde
1039 2115 1222 2159 valuisse
1250 2115 1303 2159 ad
1334 2116 1676 2173 corrumpendos
1706 2116 1859 2158 Horatii
1891 2115 2022 2159 libros
2052 2115 2169 2173 quod
2200 2123 2326 2172 poeta
2356 2114 2606 2173 priusquam

202 2186 344 2229 omnia
382 2185 566 2229 carmina
604 2184 847 2228 necessario
887 2184 1037 2227 ordine
1066 2184 1272 2228 edidisset
1301 2192 1343 2228 et
1373 2193 1625 2235 extremam,
1665 2200 1793 2243 quam
1825 2199 1905 2228 nos
1936 2185 2135 2234 dicimus,
2173 2200 2343 2227 manum
2372 2183 2608 2226 addidisset

202 2255 324 2312 operi
353 2254 495 2298 subito
525 2262 720 2296 mortuus
750 2254 803 2296 sit
832 2262 875 2295 et
903 2253 973 2295 illo
1002 2252 1095 2295 libri
1122 2253 1164 2295 in
1187 2254 1325 2296 lucem
1349 2254 1617 2310 producendi
1644 2254 1808 2296 muneri
1831 2254 1897 2296 alii
1923 2254 2053 2296 functi
2077 2262 2243 2303 essent;
2275 2254 2605 2305 illorumaiitem

201 2339 324 2368 suam
354 2338 572 2382 quemque
602 2323 811 2366 rationem
842 2329 885 2365 et
913 2321 1113 2365 iudicium
1142 2330 1335 2366 secutum
1367 2337 1486 2375 esse;
1516 2336 1658 2380 eoque
1690 2323 1880 2366 licentiae
1911 2323 2068 2367 deinde
2100 2323 2326 2366 nonnullos
2348 2334 2605 2380 progressos

202 2408 299 2439 esse
341 2401 387 2437 ut
428 2399 590 2436 mutato
633 2392 867 2436 carminum
911 2390 1062 2435 ordine
1105 2406 1159 2435 ex
1201 2406 1285 2435 uno
1325 2391 1454 2451 longo
1494 2391 1582 2436 duo
1622 2400 1665 2436 et
1704 2407 1755 2436 ex
1802 2391 1974 2437 duobus
2015 2392 2217 2436 brevibus
2257 2406 2388 2435 unum
2427 2391 2607 2434 fecerint

201 2478 385 2510 carmen.
415 2488 467 2494 -
503 2462 775 2521 Singulorum
805 2461 993 2519 denique
1024 2460 1328 2504 vocabulorum
1359 2462 1658 2519 corruptelam,
1688 2475 1799 2519 quae
1830 2470 2100 2520 quantopere
2131 2462 2409 2505 increbuisset
2439 2462 2607 2503 Cicero-

200 2535 374 2579 nianam
402 2533 525 2585 illud;
556 2532 672 2583 „libri
701 2532 912 2575 mendose
937 2539 981 2574 et
1000 2530 1244 2575 scribuntur
1263 2539 1306 2575 ct
1324 2538 1535 2574 veneunt“
1559 2531 1828 2589 significaret,
1854 2533 2058 2590 originem
2080 2533 2253 2575 duxisse
2273 2547 2296 2574 0
2315 2532 2606 2574 Romanorum

200 2604 384 2648 dictandi
413 2616 535 2646 more
563 2610 605 2644 et
629 2601 896 2644 librariorum
914 2601 1184 2645 festinatione
1208 2609 1251 2644 et
1271 2602 1488 2658 imperitia.
1534 2603 1638 2645 Tum
1659 2616 1825 2656 summa
1848 2616 1933 2660 qua
1951 2601 2124 2646 floreret
2145 2601 2339 2646 Horatius
2357 2599 2608 2657 auctoritate

200 2689 286 2718 non
327 2673 459 2717 modo
498 2672 612 2730 apud
654 2670 865 2729 populum
904 2671 983 2715 sed
1023 2670 1151 2715 etiam
1190 2671 1305 2728 apud
1346 2671 1483 2728 ipsum
1520 2671 1695 2715 civitatis
1727 2671 1984 2728 principem,
2022 2685 2107 2715 non
2149 2671 2238 2714 fieri
2278 2664 2469 2728 potuisse
2501 2669 2606 2728 quin

199 2744 413 2802 permulta
441 2742 699 2799 exemplaria
728 2742 948 2784 celerrime
972 2750 1016 2784 et
1047 2741 1183 2783 minus
1214 2748 1408 2783 accurate
1428 2740 1741 2792 scriberentur;
1773 2742 1826 2783 ita
1846 2741 1976 2784 multa
1997 2742 2219 2798 irrepsisse
2240 2741 2355 2792 vitia;
2383 2741 2608 2791 accedere,

202 2814 321 2872 quod
363 2820 407 2855 et
448 2799 635 2868 niagistri
674 2818 717 2854 et
755 2810 946 2867 discipuli
990 2824 1199 2867 persaepe
1240 2809 1425 2853 carmina
1464 2809 1517 2853 de
1549 2810 1769 2854 sententiis
1799 2824 1852 2853 ex
1876 2810 2049 2854 Horatio
2079 2810 2229 2855 sumtis
2258 2810 2607 2867 composuissent

199 2882 579 2938 recitavissentque
617 2880 879 2938 recitataque
916 2878 1174 2922 carminibus
1215 2892 1315 2921 vere
1353 2878 1591 2922 Horatianis
1630 2879 1978 2936 adscripsissent,
2015 2893 2125 2938 quae
2167 2888 2253 2922 tuin
2295 2879 2607 2936 posterioribus

199 2951 425 2996 Horatiana
455 2950 544 2993 visa
583 2957 739 2994 essent.
798 2949 933 3008 Magni
963 2948 1119 2992 deinde
1150 2948 1355 2991 momenti
1384 2948 1516 2992 fuisse
1546 2949 1601 2992 ad
1632 2949 1897 3006 procreanda
1927 2949 2135 2992 mendosa
2163 2948 2319 2991 Horatii
2349 2948 2608 3006 exemplaria

187 3021 334 3078 ¹multa
371 3028 415 3063 et
452 3032 603 3078 magna
643 3018 713 3062 illa
751 3018 964 3068 incendia,
1005 3017 1161 3076 quibus
1198 3018 1337 3076 primo
1375 3025 1418 3060 et·
1456 3017 1590 3061 altero
1633 3033 1672 3075 p.
1704 3017 1796 3061 Chr.
1830 3033 1867 3059 n.
1898 3017 2071 3061 saeculo
2111 3019 2243 3060 Roma
2285 3026 2432 3061 vexata
2470 3025 2609 3071 esset;

201 3090 357 3149 quibus
387 3104 485 3132 cum
515 3089 632 3131 multi
661 3089 818 3132 Horatii
847 3088 940 3131 libri
970 3087 1185 3131 combusti
1214 3095 1378 3137 essent,
1416 3087 1612 3131 homines
1644 3102 1820 3145 operam
1850 3088 2046 3137 dedisse,
2077 3096 2121 3130 ut
2150 3088 2233 3131 boc
2260 3096 2608 3145 compensarent.

198 3160 304 3204 Hinc
332 3166 396 3211 tot
425 3167 469 3203 et
498 3166 583 3202 tam
613 3157 822 3201 mendose
853 3164 896 3200 et
925 3165 1087 3200 temere
1117 3157 1384 3213 conscriptos
1415 3155 1558 3199 libros.
1597 3181 1650 3188 —
1689 3156 1774 3199 Sed
1816 3156 1871 3200 de
1912 3157 1993 3200 alio
2033 3157 2409 3214 interpolationum
2449 3169 2609 3213 genere

200 3230 405 3290 suspicari
427 3229 566 3282 licere,
586 3242 767 3287 quarum
784 3234 935 3272 auctor
957 3226 1281 3286 quodammodo
1299 3226 1495 3270 Horatius
1516 3226 1609 3284 ipse
1632 3226 1776 3270 haberi
1802 3235 1971 3285 posset;
1998 3226 2344 3271 verisimillimum
2367 3225 2481 3269 enim
2500 3240 2612 3275 esse,
2640 3256 2643 3260 »

198 3301 416 3345 Horatium
448 3301 489 3342 in
510 3299 685 3357 singulis
711 3296 966 3342 carminibus
991 3297 1074 3341 hoc
1095 3297 1162 3340 vel
1193 3296 1296 3339 illud
1316 3296 1556 3339 correxisse
1583 3298 1648 3339 vel
1680 3297 1892 3340 delevisse
1923 3298 1987 3341 vel
2015 3297 2233 3345 adiecisse,
2257 3310 2369 3355 quae
2394 3311 2491 3341 cum
2518 3313 2609 3340 11111-

199 3371 383 3415 131101105
401 3368 532 3420 abiis,
553 3368 625 3427 qui
638 3367 870 3412 carminum
891 3366 1150 3425 exemplaria
1167 3365 1387 3414 haberent,
1403 3379 1483 3410 suo
1499 3366 1705 3424 cuiusque
1724 3366 1831 3410 libro
1850 3366 2088 3423 adscriptae
2110 3374 2266 3413 essent,
2283 3365 2441 3409 multos
2460 3365 2608 3409 inflatis

200 3439 424 3487 sententiis
453 3447 496 3484 et
526 3438 716 3498 repetitis
747 3436 896 3481 iisdem
929 3435 1067 3480 verbis
1097 3428 1589 3480 contaminatos'versus
1620 3444 1795 3480 exortos
1826 3450 1935 3480 esse.
1969 3463 2019 3469 —-
2061 3437 2131 3479 His
2163 3436 2351 3495 denique
2383 3445 2466 3479 tam
2498 3435 2610 3478 vario
