2846 3826
1359 151 1477 201 VIII

202 289 333 339 dicat,
371 285 538 347 singula
567 284 700 330 verba
728 282 868 343 probe
905 283 1037 328 latina
1064 296 1185 333 esse,
1226 297 1314 327 non
1344 283 1497 334 video,
1538 282 1611 341 qui
1641 282 1767 327 huius
1798 283 2002 328 enuntiati
2043 297 2180 329 nexus
2217 282 2272 329 sit
2307 289 2381 328 aut
2407 296 2505 328 cum
2541 281 2628 328 alio
2684 274 2690 279 ⁴

204 356 401 402 eiusdem
441 355 662 415 paginae‚'
686 367 776 413 quo
818 367 867 398 se
908 353 1124 404 „colorem
1164 366 1253 397 non
1298 352 1477 397 latinum
1520 351 1738 397 affectatas
1787 352 2021 411 'elegantias
2060 353 2340 412 repetitiones
2378 352 2545 411 ineptas
2584 351 2628 395 in

202 425 364 471 Horatii
394 425 651 470 carminibus
682 422 964 468 observasse⁴⁴
998 421 1224 479 profitetur
1254 429 1328 466 aut
1356 434 1454 466 cum
1484 421 1569 473 illo,
1598 435 1688 481 quo
1717 420 2120 479 interpolationibus
2144 422 2288 467 eiectis
2306 428 2499 467 exortam
2527 436 2627 468 esse

205 496 447 540 orationem
486 493 619 553 magis
655 493 828 536 latinam
865 493 996 536 laeto,
1020 491 1162 534 animo
1204 491 1474 551 pronuntiat;
1516 490 1741 550 quoniam,
1781 497 1989 548 quantum
2030 505 2113 550 ego
2152 491 2262 542 scio,
2300 506 2444 551 neque
2480 505 2626 537 sermo

205 565 350 610 bene
380 565 448 609 vel
477 563 654 622 probe
685 562 751 606 vel
783 562 953 620 magis
992 561 1147 605 latinus
1177 576 1275 605 esse
1316 568 1463 619 potest
1501 575 1644 620 neque
1685 574 1830 605 sermo
1862 559 1935 618 qui
1964 574 2012 604 re
2041 574 2144 605 vera
2183 560 2337 607 latinus
2368 569 2455 614 est,
2491 562 2626 621 magis

207 634 364 680 latinus
393 632 483 678 fieri
520 638 687 691 potest;
726 630 848 675 aliter
876 630 1075 674 nimirum
1104 644 1174 674 res
1205 644 1253 675 se
1290 629 1421 674 habet
1451 629 1506 673 de
1538 629 1747 689 elegantia
1787 628 2011 673 sermonis.
2068 631 2217 689 Aeque
2256 630 2407 675 mirum
2445 631 2625 683 videtur,

209 704 328 764 quod
358 710 551 747 extrema
581 715 675 760 pag.
705 701 738 744 V
778 701 834 744 de
876 715 956 743 suo
986 700 1144 743 Horatii
1174 714 1322 743 amore
1353 699 1541 758 profert,
1580 714 1676 744 cum
1707 698 1969 743 beatus.sibi
2000 700 2116 743 visus
2145 700 2217 749 sit,
2256 701 2291 744 si
2320 701 2456 753 illum,
2495 716 2623 761 quem

205 775 261 818 de
300 773 480 831 pueritia
516 771 596 815 sibi
636 771 959 815 dilectissimum
1001 771 1190 813 nominat
1233 778 1420 828 poetam,
1461 770 1667 813 imitatum
1699 783 1796 814 esse
1826 768 1931 813 alios
1963 777 2115 826 poetas
2145 785 2232 814 non
2263 771 2404 816 solum
2436 771 2622 817 dicendo

209 843 287 888 sed
327 842 454 887 etiam
493 840 723 900 cogitando
765 839 1083 897 sentiendoque
1126 839 1391 884 intellexerit.
1464 840 1558 891 Qua
1599 839 1786 897 denique
1809 838 1992 883 satione
2033 838 2121 890 illa,
2162 853 2290 898 quam
2330 842 2496 886 Peerlk.
2525 855 2624 887 cum

210 912 407 957 omnibus
438 911 586 955 aetatis
616 913 859 969 Augusteae
898 909 1039 967 poetis
1069 917 1158 952 tum
1189 910 1362 953 Horatio
1400 908 1569 960 tribuit,
1607 909 1745 952 nativa
1781 916 1981 953 venustas
2019 923 2114 952 cum
2145 909 2224 953 hac
2253 911 2386 956 modo
2416 904 2622 971 explicata

208 983 440 1027 imitatione
470 980 722 1026 consentit?
1205 985 1207 988 ’

431 1051 559 1103 Quod
590 1050 766 1108 quidem
797 1048 1025 1107 plurimum
1057 1048 1239 1092 valuisse
1270 1049 1311 1091 in
1342 1048 1672 1106 corrumpendis
1702 1048 1861 1091 Horatii
1891 1046 2007 1090 libris
2038 1048 2359 1107 Peerlkampius
2390 1051 2623 1101 contendit,

207 1121 382 1179 antiquo
414 1128 613 1178 tempore
635 1119 770 1162 libros
792 1133 879 1162 non
909 1118 1230 1177 chalcographia
1251 1119 1330 1162 sed
1356 1133 1483 1161 manu
1514 1117 1846 1175 multiptificatos
1876 1131 1986 1167 esse,
2015 1131 2112 1161 cum
2144 1117 2185 1161 id
2215 1118 2354 1176 ipsum
2385 1121 2439 1165 ad
2471 1135 2622 1166 omnes

207 1199 400 1234 veterum
430 1189 564 1233 libros
595 1190 810 1247 quadrare
842 1203 985 1247 neque
1016 1189 1082 1232 vix
1114 1202 1375 1247 quemquam
1417 1202 1566 1232 eorum
1606 1188 1734 1232 tantis
1765 1188 1935 1246 quantis
1967 1187 2181 1232 Horatium
2221 1188 2623 1247 interpolationibus

207 1259 474 1319 inquinatum
504 1272 601 1302 esse
625 1258 795 1302 nescius
827 1259 890 1309 sit,
920 1258 1003 1302 hoc
1033 1258 1071 1302 ei
1103 1271 1231 1302 curae
1263 1265 1341 1308 est,
1374 1265 1417 1300 ut
1440 1258 1721 1308 demonstret,
1752 1272 1840 1315 quo
1864 1257 1994 1301 modo
2025 1257 2130 1301 haec
2159 1271 2227 1301 res
2251 1259 2422 1303 Horatio
2452 1261 2622 1319 potissi-

208 1345 324 1373 mum
362 1328 565 1386 perniciei
596 1341 693 1370 esse
724 1328 923 1384 potuerit.
982 1331 1039 1370 Ac
1069 1328 1252 1384 primum
1294 1328 1468 1385 quidem
1502 1327 1640 1384 magni
1682 1328 1723 1369 in
1754 1327 1831 1370 hac
1861 1342 1907 1371 re
1946 1328 2152 1371 momenti
2190 1342 2288 1372 esse
2319 1330 2463 1381 videri,
2502 1330 2621 1389 quod

207 1397 403 1442 Horatius
434 1404 703 1454 praematura
733 1404 871 1440 morte
902 1396 1133 1454 impeditus
1164 1396 1229 1445 sit,
1258 1396 1489 1455 quominus
1530 1396 1621 1453 ipse
1664 1395 1805 1439 omnia
1835 1410 1912 1439 sua
1943 1410 2072 1454 opera
2104 1396 2323 1456 colligeret
2353 1399 2621 1459 collectaque

207 1468 247 1511 in
284 1467 421 1512 lucem
463 1466 624 1511 ederet.
684 1467 879 1509 Attamen
920 1465 1021 1523 quid
1068 1463 1147 1507 sibi
1187 1464 1285 1507 velit
1325 1464 1429 1508 haec
1471 1464 1676 1508 dubitatio
1719 1478 1804 1507 non
1847 1465 1994 1517 video;
2033 1479 2130 1508 nam
2170 1480 2266 1510 cum
2306 1469 2481 1512 omnino
2519 1469 2620 1512 satis

207 1543 387 1584 constet,
427 1536 581 1577 relictis
616 1543 771 1592 poetae
811 1534 994 1575 cuiusvis
1026 1534 1285 1575 carminibus
1324 1534 1378 1575 ab
1408 1536 1497 1575 aliis
1537 1535 1589 1575 ad
1620 1535 1747 1575 alium
1789 1535 1984 1576 ordinem
2022 1538 2243 1585 revocatis,
2281 1552 2368 1579 non
2409 1553 2505 1580 esse
2545 1552 2620 1580 cur

206 1607 285 1664 ipsi
317 1621 467 1649 eorum
509 1604 734 1662 integritati
776 1603 1100 1647 incommodum
1140 1604 1325 1647 existere
1357 1612 1496 1661 putes,
1536 1602 1707 1647 minime
1748 1603 1830 1648 hoc
1859 1603 1912 1648 ad
1943 1605 2162 1650 Horatium
2193 1607 2402 1665 quadrare
2432 1607 2620 1661 videtur;

208 1676 241 1719 is
272 1676 383 1719 enim
422 1675 515 1732 ipse
546 1681 633 1717 tres
663 1673 897 1716 carminum
929 1672 1060 1716 libros
1090 1672 1274 1731 scriptos
1307 1673 1415 1716 inter
1445 1673 1701 1717 tricesimum
1735 1674 1929 1732 quintum
1961 1682 2003 1717 et
2035 1677 2407 1735 quadragesimum
2439 1678 2618 1721 alterum

207 1745 354 1790 aetatis
391 1759 550 1788 annum
590 1743 742 1796 edidit;
782 1751 1049 1802 quapropter
1089 1743 1170 1787 hoc
1208 1744 1478 1801 corruptelae
1520 1751 1562 1787 et
1602 1744 1978 1801 interpolationum
2016 1759 2151 1803 genus
2190 1746 2244 1791 ab
2288 1748 2383 1792 odis
2412 1747 2619 1792 librorum

207 1817 375 1859 illorum
405 1815 571 1864 abesse,
608 1814 708 1857 satis
740 1813 1016 1871 perspicuum
1047 1822 1123 1857 est.
1183 1815 1318 1866 Quam
1349 1815 1602 1858 sententiam
1634 1829 1688 1858 ne
1717 1814 1784 1857 illa
1815 1814 2002 1872 quidem,
2032 1830 2216 1874 quorum
2245 1819 2459 1875 praesidio
2489 1819 2620 1863 utitur

207 1885 541 1942 Peerlkampius,
570 1885 636 1928 vel
668 1883 885 1927 Ciceronis
917 1884 983 1927 vel
1005 1884 1194 1927 Senecae
1225 1884 1440 1927 enuntiata
1471 1891 1645 1934 mutant,
1676 1884 1878 1942 quoniam
1899 1884 2221 1931 Ciceronianum
2251 1887 2354 1932 illud
2386 1887 2462 1938 „de
2481 1888 2619 1932 latinis

209 1955 325 1999 libris
355 1969 443 2013 quo
483 1969 551 1998 me
586 1960 747 1998 vertam
787 1953 956 2005 nescio;
994 1953 1049 1996 ita
1079 1953 1290 1998 mendose
1332 1961 1373 1997 et
1404 1953 1645 1998 scribuntur
1682 1961 1724 1998 et
1755 1961 1964 1998 veneunt“
2006 1963 2048 2000 et
2078 1956 2180 2001 illud
2212 1957 2402 2003 Senecae
2443 1957 2618 2010 „librum

210 2039 340 2085 quem
371 2023 666 2068 minutioribus
695 2022 825 2066 literis
866 2022 1071 2080 scriptum
1110 2037 1242 2081 saepe
1272 2023 1529 2081 proiecimus
1560 2029 1647 2066 etc“
1689 2037 1831 2082 neque
1861 2025 2018 2068 Horatii
2059 2040 2201 2085 neque
2240 2027 2618 2085 interpolationum

208 2095 472 2137 mentionem
502 2095 597 2136 facit
627 2094 703 2136 sed
735 2093 910 2134 omnino
942 2093 1213 2140 mendorum,
1246 2108 1356 2149 quae
1388 2102 1591 2150 quantum
1624 2094 1821 2136 differant
1849 2094 1903 2137 ab
1934 2095 2012 2137 illis
2039 2097 2105 2138 vix
2136 2097 2364 2153 quisquam
2384 2098 2618 2154 negaverit;

210 2172 309 2209 sunt
346 2162 453 2207 haec
493 2163 646 2207 eadem
677 2161 842 2211 menda,
872 2175 984 2219 quae
1013 2161 1305 2204 Romanorum
1338 2161 1520 2206 dictandi
1552 2161 1723 2220 quidem
1755 2174 1876 2206 more
1907 2170 1949 2206 et
1978 2162 2246 2208 librariorum
2276 2165 2546 2210 festinatione
2575 2172 2618 2209 et

208 2234 416 2292 imperitia
453 2246 584 2290 saepe
624 2231 837 2275 exstitisse
868 2231 1093 2274 verisimile
1124 2239 1202 2280 est,
1232 2232 1308 2274 sed
1351 2232 1446 2288 ipso
1478 2231 1771 2288 Peerlkampio
1801 2239 1974 2276 auctore
2004 2247 2028 2276 a
2058 2234 2262 2278 Mavortio
2293 2235 2464 2279 saeculo
2493 2242 2616 2279 sexto

209 2304 433 2348 emendata
471 2310 581 2345 sunt.
642 2302 911 2359 Quamquam
942 2315 1024 2359 ego
1057 2301 1314 2358 negaverim,
1344 2315 1396 2343 ex
1429 2301 1498 2342 illo
1531 2301 1714 2343 dictandi
1746 2317 1863 2345 more
1895 2311 1969 2353 tot,
1999 2312 2105 2362 quot
2137 2304 2223 2346 vult
2252 2304 2416 2347 Peerlk.
2448 2320 2617 2349 errores

208 2374 427 2433 profectos
467 2386 578 2422 esse,
620 2370 824 2429 quoniam
864 2386 942 2427 pro
972 2378 1091 2414 certo
1121 2369 1280 2414 habere
1323 2384 1569 2428 possumus,
1607 2377 1805 2415 auctores
1837 2372 1965 2417 verba
1995 2387 2081 2416 non
2114 2372 2295 2430 praeiise
2326 2374 2403 2418 nisi
2441 2374 2617 2419 eruditis

208 2444 341 2489 servis
381 2450 423 2487 et
463 2443 594 2500 ipsos,
634 2441 675 2484 in
716 2441 949 2499 relegendo
991 2440 1056 2484 xel
1098 2440 1318 2484 recitando
1362 2453 1511 2498 opere,
1550 2439 1583 2480 si
1625 2439 1728 2498 quid
1771 2439 1859 2483 salsi
1892 2441 2120 2500 irrepserit,
2158 2443 2241 2486 hoc
2279 2444 2533 2503 cognovisse
2573 2453 2618 2490 ct

208 2515 475 2557 emendasse.

428 2582 490 2624 Ne
521 2580 683 2624 cautius
714 2579 876 2623 felicius
901 2594 924 2621 e
952 2578 1125 2636 quidem
1155 2578 1259 2621 aliae
1289 2592 1456 2629 causae,
1486 2579 1643 2637 quibus
1666 2593 1714 2622 se
1737 2579 2016 2637 probaturum
2037 2595 2134 2625 esse
2160 2591 2303 2640 sperat
2332 2583 2422 2628 illas
2445 2593 2489 2628 et
2509 2587 2617 2629 anti-

208 2653 430 2712 quissimas
460 2649 740 2707 corruptelas,
778 2663 931 2693 causae
963 2662 985 2691 a
1017 2646 1312 2704 Peerlkampio
1345 2648 1613 2706 excogitatae
1642 2663 1739 2692 esse
1771 2648 1988 2703 videntur;
2025 2650 2182 2709 quibus
2214 2660 2375 2696 tantum
2416 2653 2541 2699 abest
2572 2663 2616 2699 ut

208 2721 470 2766 adducamur
496 2719 549 2763 ad
581 2717 949 2776 comprobandam
979 2717 1087 2759 illius
1118 2717 1384 2766 sententiam,
1420 2725 1467 2760 ut
1497 2732 1607 2761 nova
1638 2718 1758 2776 quasi
1788 2731 1904 2762 arma
1935 2720 1987 2763 ad
2028 2720 2359 2778 impugnandam
2403 2724 2615 2768 invenisse

210 2790 331 2836 nobis
368 2790 600 2833 videamur.
660 2788 765 2831 Nam
804 2801 902 2831 cum
942 2802 995 2830 ex
1036 2799 1200 2844 magna,
1240 2800 1324 2844 qua
1354 2787 1467 2843 apud
1509 2786 1712 2845 aequales
1752 2785 1934 2830 florebat
1970 2790 2220 2833 auctoritate
2260 2799 2301 2833 et
2339 2807 2393 2835 ex
2426 2794 2616 2837 omnium

208 2860 435 2910 communi,
476 2859 596 2917 quod
638 2856 906 2901 tribuebatur
945 2855 1214 2904 carminibus,
1258 2855 1400 2899 studio
1441 2856 1702 2900 concludere
1742 2856 1854 2907 velit,
1895 2857 2049 2901 nullius
2088 2859 2219 2904 libros
2261 2862 2392 2920 magis
2433 2862 2617 2908 idoneos

205 2932 352 2980 fuisse,
382 2929 453 2988 qui
484 2935 734 2986 paterentur
762 2927 1028 2985 corruptelas
1059 2933 1103 2970 et
1132 2926 1497 2983 interpolationes,
1527 2940 1551 2970 e
1582 2925 1738 2969 scholis
1769 2933 1898 2984 atque
1920 2929 2287 2985 grammaticorum
2308 2931 2618 2991 rhetorumque

206 3000 403 3046 manibus
444 3007 505 3042 tot
535 2998 602 3040 illa
641 3006 684 3041 et
713 3004 938 3055 tantopere
970 2996 1186 3055 inquinata
1217 2995 1474 3052 exemplaria
1505 2995 1697 3052 profecta
1726 3009 1823 3039 esse
1853 3004 2013 3040 censet.
2071 3000 2223 3043 Verum
2257 3001 2437 3044 maxime
2467 3011 2617 3059 putare

207 3071 354 3119 debes,
384 3082 528 3126 neque
558 3066 837 3125 grammaticis
868 3080 1010 3125 neque
1042 3065 1284 3109 rhetoribus
1316 3064 1440 3108 tribui
1472 3064 1632 3108 debere
1664 3066 2038 3123 interpolationes;
2068 3068 2257 3125 quicum
2280 3070 2346 3113 vel
2377 3071 2488 3115 notis
2519 3086 2618 3129 per-

206 3139 434 3184 lustrarent
473 3144 646 3194 poetam
677 3136 744 3180 vel
783 3136 1016 3180 sententias
1047 3150 1098 3179 ex
1130 3134 1202 3177 illo
1243 3135 1494 3192 desumptas
1525 3133 1778 3178 adhiberent
1817 3135 1871 3178 ad
1904 3136 2116 3180 ornandas
2155 3152 2253 3181 suas
2285 3138 2615 3185 declamat-iones

207 3210 350 3253 nescio
391 3221 478 3267 quo
508 3207 642 3250 modo
683 3207 837 3250 versati
879 3206 962 3249 sint
1002 3207 1041 3250 in
1081 3212 1212 3263 poeta
1241 3205 1308 3247 vel
1339 3204 1538 3261 augendo
1581 3204 1643 3247 vel
1674 3205 1921 3249 minuendo.
1983 3207 2113 3250 lmmo
2144 3221 2247 3250 vero
2278 3218 2484 3266 quantum
2514 3225 2616 3268 pro-

205 3278 360 3323 fuerint
389 3276 647 3336 grammatici
679 3277 877 3321 notandis
907 3276 1174 3335 singulorum
1204 3274 1438 3318 carminum
1469 3273 1593 3323 vitiis,
1624 3274 1717 3331 ipse
1747 3274 2066 3332 Peerlkampius
2096 3275 2335 3333 profitetur.

426 3349 477 3392 At
507 3345 700 3405 discipuli
730 3345 772 3390 in
802 3344 958 3390 scholis
988 3344 1233 3391 factitabant
1263 3345 1447 3389 carmina
1479 3344 1738 3404 argumentis
1769 3358 1821 3388 ex
1852 3344 2023 3389 Horatio
2053 3345 2255 3404 sumptis;
2286 3362 2469 3407 quorum
2502 3361 2613 3408 quae

204 3418 366 3477 optime
397 3418 551 3461 imitata
580 3432 677 3461 esse
707 3420 880 3475 poetam
911 3416 999 3459 visa
1029 3424 1167 3466 erant,
1201 3415 1408 3457 librorum
1446 3414 1772 3457 Horatianorum
1810 3414 2068 3473 marginibus
2097 3417 2310 3474 adscripta
2338 3418 2482 3475 paullo
2512 3425 2614 3475 post

200 3488 311 3533 illius
341 3494 521 3531 mortem
551 3487 683 3545 ipsius
722 3500 819 3530 esse
850 3484 1137 3538 ducebantur;
1181 3485 1300 3543 quod
1330 3485 1364 3527 si
1395 3484 1630 3527 accuratius
1660 3491 1801 3527 tecum
1833 3486 2107 3541 reputaveris,
2136 3501 2237 3529 num
2266 3486 2463 3530 censebis
2493 3487 2616 3531 disci-
