2846 3826
1386 119 1483 174 VII
2607 143 2637 162 ae

224 249 402 312 quidm
436 250 598 294 dictum
637 263 724 294 non
762 244 934 294 videtur
967 249 1071 294 illud
1110 256 1234 308 „post
1263 250 1406 293 omnia
1435 264 1548 309 quae
1576 250 1621 293 in
1649 264 1749 294 eum
1780 251 1936 309 scripta
1965 251 2075 295 vidi“
2098 258 2149 294 et
2177 265 2258 309 pro
2286 251 2358 296 illo
2387 267 2523 312 „quae
2549 266 2641 299 non
2692 294 2696 297 .

219 318 439 379 iutelligo“
474 326 518 363 et
552 332 665 370 „non
703 319 869 363 sentio“
907 317 1278 364 coniunctionibus
1318 319 1452 364 modo
1493 333 1605 378 opus
1635 318 1777 364 'fuisse
1816 319 2134 373 contenderim
2173 331 2318 379 neque
2351 321 2571 381 eleganter
2593 331 2642 368 et

223 388 402 434 feliciter
431 388 690 448 excogitatas
713 402 811 433 esse
845 388 936 432 illas
966 388 1247 440 coniecturas,
1276 402 1383 447 quas
1424 403 1479 432 ne
1501 388 1823 447 Peerlkampius
1854 388 2029 447 quidem
2057 396 2232 434 secutus
2260 396 2341 440 est,
2369 402 2547 448 quarum
2574 404 2640 443 ea,

224 470 311 517 qua
347 458 391 501 in
428 472 556 502 carm.
585 459 639 509 11,
681 463 728 508 2,
771 464 843 507 14,
883 460 1018 509 „Mors
1057 466 1101 502 et
1138 459 1356 517 fugacem“
1398 466 1589 502 mutatur
1627 459 1669 502 in
1712 457 1850 509 „Mors
1891 457 2152 516 effugacem“
2196 472 2343 518 neque
2380 456 2469 503 ullo
2507 461 2639 507 modo

220 526 464 573 necessaria
491 527 660 573 videtur
688 541 832 588 neque
861 527 1061 588 cuiquam
1093 542 1230 588 usque
1262 528 1316 574 ad
1347 528 1389 574 id
1418 537 1590 587 tempus
1630 527 2008 587 interpretatorum
2049 526 2230 586 probata
2258 535 2345 583 est;
2383 527 2528 580 altera,
2557 542 2641 589 qua

225 597 381 657 legitur
408 598 473 640 111.
505 603 543 648 3,
573 604 626 642 54
656 611 736 655 pro
768 599 928 648 „visere
958 599 1148 657 gestiens
1180 613 1266 658 qua
1294 607 1415 657 parte
1446 598 1767 643 debacchentur
1795 599 1941 656 ignes“
1983 598 2178 647 „vincere
2207 599 2419 655 gestiens“
2447 598 2641 643 eiusdem

222 668 393 728 generis
423 675 488 712 est
521 675 652 725 atque
681 668 817 725 prior;
856 670 977 713 tertia
1018 669 1207 728 denique
1249 669 1576 714 commendatur
1612 667 1851 711 tricesimae
1890 666 2065 725 quintae
2104 666 2226 724 primi
2264 667 2358 711 libri
2399 667 2511 711 odae
2547 667 2640 712 talis

222 737 348 782 lectio
390 733 559 797 qualem
599 736 655 781 ad
684 738 725 782 id
767 745 938 797 tempus
976 753 1118 798 neque
1156 739 1335 797 protulit
1375 738 1605 797 quisquam
1647 751 1788 796 neque
1827 735 2045 794 probavit,
2089 749 2185 780 cum
2215 737 2257 781 in
2298 737 2519 782 enuntiato
2547 736 2639 780 illo:

225 815 290 858 „te
327 820 494 866 pauper
534 805 665 850 ambit
705 814 794 852 etc“
834 823 919 852 vox
950 808 1216 859 ,‚dominam“
1256 807 1467 851 referatur
1502 808 1554 851 ad
1589 807 1761 858 ‚‚ruris“.
1832 805 1997 858 Quibus
2037 806 2140 850 satis
2179 806 2500 852 demonstrasse
2538 806 2638 850 mibi

222 876 375 920 videor
411 876 564 920 eadem
593 877 711 920 illum
743 891 827 935 qua
857 878 1198 934 Peerlkampium
1240 877 1366 920 nimia
1404 878 1468 919 sui
1497 876 1642 920 iudicii
1682 874 1767 918 fide
1806 875 2038 918 adductum
2080 889 2179 919 esse
2219 875 2272 919 ad
2311 875 2637 921 emendationes

223 961 367 1007 neque
405 947 623 1006 eleganter
661 961 805 1006 neque
844 947 1021 992 feliciter
1058 946 1329 1006 excogitatas.
1398 944 1675 990 Ruhnkenius
1717 944 1891 1005 quidem
1932 944 1972 987 in
2009 944 2190 1003 epistola
2230 960 2305 989 sua
2344 946 2485 991 critica
2514 953 2638 1005 post·

223 1031 352 1077 quam
384 1017 540 1077 quibus
578 1018 734 1076 ingenii
769 1016 928 1060 viribus
969 1031 1080 1074 opus
1118 1024 1234 1060 esset
1264 1018 1317 1060 ad
1359 1017 1705 1074 interpretandos
1746 1024 1939 1060 veterum
1980 1015 2112 1060 libros
2152 1017 2370 1061 illustravit
2397 1026 2439 1062 et
2474 1019 2635 1062 multos

204 1087 365 1131 multis
409 1086 811 1144 interpolationibus
855 1086 987 1130 libros
1031 1086 1274 1144 inquinatos
1317 1101 1414 1131 esse
1468 1086 1707 1144 suspicatus
1753 1094 1818 1129 est
1860 1086 1977 1129 dolet
2019 1085 2137 1144 quod
2192 1100 2319 1131 nemo
2366 1087 2633 1132 eruditorum

222 1157 443 1201 hominum
475 1171 555 1214 per
578 1165 640 1200 tot
669 1155 840 1201 saecula
859 1155 942 1199 hoc
971 1155 1180 1200 invenerit
1210 1156 1275 1200 vel
1306 1157 1340 1201 si
1371 1156 1620 1214 reppererit,
1652 1155 1794 1199 dicere
1816 1169 1946 1199 ausus
1977 1155 2041 1199 sit.
2093 1157 2145 1198 At
2175 1157 2435 1214 quaestionis
2457 1157 2631 1202 ubinam

222 1226 380 1271 Horatii
410 1225 602 1270 nomen?
633 1239 777 1268 nonne
808 1224 1008 1268 universe
1039 1225 1094 1269 de
1126 1226 1342 1270 veteribus
1373 1225 1620 1269 auctoribus
1651 1226 1819 1283 agitur?
1858 1226 2075 1268 Bentleius
2106 1225 2306 1283 denique,
2334 1227 2531 1284 princeps
2560 1228 2631 1271 ille

222 1296 453 1355 praecipue
496 1295 537 1337 in
579 1295 751 1337 Horatio
798 1295 1119 1351 interpretando
1159 1296 1422 1345 criticorum,
1465 1308 1726 1353 quamquam
1778 1295 1820 1336 in
1868 1294 1959 1336 eius
2009 1294 2198 1337 editione
2243 1295 2297 1337 de
2338 1297 2461 1340 tantis
2501 1297 2632 1340 inter-

222 1364 511 1423 polationibns
550 1363 651 1406 nihil
691 1364 900 1407 monitum
932 1372 1018 1413 est,
1054 1363 1175 1408 affert
1206 1365 1501 1421 Peerlkampio
1542 1363 1833 1408 auctoritatem
1876 1362 2113 1420 quandam,
2154 1370 2304 1420 utpote
2342 1364 2411 1422 qui
2442 1363 2629 1423 probare

221 1436 402 1485 studeat,
431 1434 548 1477 illum
580 1433 634 1477 de
663 1432 1061 1490 interpolationibus
1092 1434 1301 1492 cogitasse
1333 1434 1519 1492 quidem,
1550 1433 1626 1479 sed
1658 1446 1758 1478 casu
1790 1446 1877 1476 non
1909 1432 2228 1490 pronuntiasse.
2270 1433 2629 1478 Commentarium

220 1503 333 1549 enim
363 1503 675 1554 Bentleianum,
716 1517 812 1548 cum
853 1504 1022 1548 aestivis
1062 1503 1282 1549 mensibus
1324 1504 1591 1561 conscriptus
1622 1502 1693 1551 sit,
1733 1501 1920 1545 subitum
1952 1515 2068 1554 esse;
2108 1515 2251 1559 neque
2280 1503 2369 1545 eius
2400 1518 2519 1552 esse,
2556 1505 2631 1561 qui

221 1574 360 1633 primo
397 1574 560 1631 impetu
598 1581 640 1617 et
686 1574 828 1617 calore
870 1587 1107 1631 oppressus
1151 1574 1335 1631 explicet
1365 1573 1524 1616 Horatii
1568 1573 1764 1621 carmina,
1809 1572 1904 1615 illas
1948 1571 2300 1628 interpolationes
2343 1586 2631 1631 cognoscere;

220 1652 452 1701 propterea
482 1644 636 1688 nullius
668 1644 871 1687 momenti
902 1658 999 1688 esse
1029 1644 1070 1687 in
1101 1643 1180 1688 hac
1210 1659 1256 1688 re
1287 1643 1463 1687 Bentleii
1494 1642 1710 1687 iudicium.
1757 1643 1843 1686 Sed
1875 1641 1972 1685 mihi
2004 1641 2332 1686 commentarius
2359 1642 2630 1689 Bentleianus

222 1727 310 1758 non
339 1712 374 1758 is
404 1726 503 1758 esse
531 1711 708 1766 videtur,
740 1712 812 1772 qui
842 1711 1037 1757 celeriter
1067 1719 1108 1757 et
1131 1711 1273 1757 subito
1304 1712 1572 1771 conscriptus
1602 1712 1677 1765 sit,
1702 1719 1860 1772 quanta
1881 1714 2186 1756 sententiarum
2210 1713 2429 1770 ingeniose
2459 1714 2631 1772 excogi-

220 1789 402 1826 tatarum
442 1782 692 1831 multitudo,
742 1790 899 1841 quanta
947 1782 1070 1839 copia
1116 1783 1490 1830 emendationum,
1542 1791 1727 1840 quantus
1780 1791 2128 1839 comparatorum
2175 1792 2218 1825 et
2267 1798 2319 1825 ex
2370 1783 2460 1826 aliis
2511 1783 2629 1828 libris

221 1860 491 1912 sumptorum
520 1852 713 1897 locorum
744 1866 959 1895 numerus.
1011 1853 1113 1905 Quis
1145 1851 1398 1896 dubitaverit
1429 1853 1531 1911 quin
1554 1853 1627 1911 qui
1656 1852 1774 1896 brevi
1806 1862 2002 1909 tempore
2031 1860 2095 1895 tot
2125 1860 2168 1895 et
2191 1860 2327 1895 tantas
2355 1851 2631 1909 adscripserit

222 1932 367 1974 notas,
411 1924 445 1966 is
485 1924 641 1966 eodem
681 1931 876 1980 tempore
917 1924 970 1966 de
1009 1922 1410 1979 interpolationibus
1450 1923 1638 1981 cogitare
1677 1923 1897 1979 potuerit?
1971 1923 2123 1980 Neque
2161 1936 2262 1965 vero
2300 1925 2492 1979 ineptum
2530 1936 2630 1968 esse

221 1993 400 2043 videtur,
436 1992 518 2036 hoc
546 1993 643 2036 loco
674 1993 733 2035 rei
765 1993 1027 2036 mentionem
1058 1993 1211 2043 facere,
1252 1993 1292 2036 iu
1325 2006 1410 2051 qua
1439 1991 1763 2050 Peerlkampius
1803 2000 1848 2036 et
1878 1992 2094 2037 Bentleius
2128 2006 2211 2036 non
2244 1992 2372 2035 modo
2404 2005 2490 2035 non
2521 1992 2632 2036 inter

221 2078 269 2109 se
299 2063 592 2113 consentiunt,
631 2062 708 2109 sed
740 2063 867 2108 etiam
907 2062 1130 2118 differunt;
1173 2076 1269 2107 uam
1312 2076 1408 2107 cum
1439 2062 1508 2107 ille
1549 2061 1903 2122 interpolationes
1945 2075 2030 2105 non
2072 2061 2326 2105 monachalis
2365 2061 2519 2121 ingenii
2550 2062 2629 2106 sed

221 2134 505 2192 elegantiores
535 2147 632 2176 esse
661 2134 905 2182 contendat,
934 2134 1001 2176 hic
1020 2135 1062 2175 in
1089 2133 1169 2183 illa,
1200 2147 1327 2191 quam
1350 2134 1440 2176 fere
1467 2147 1592 2176 unam
1615 2134 1774 2183 statuit,
1803 2134 2136 2190 interpolatione
2165 2133 2381 2175 adnotavit
2412 2134 2542 2184 (1v‚8,
2563 2134 2629 2187 17)

223 2216 434 2262 „agnosco
466 2203 575 2246 enim
609 2217 777 2247 versum
808 2203 1065 2247 monachalis
1106 2202 1231 2260 plane
1269 2203 1422 2260 ingenii
1463 2210 1505 2245 et
1541 2202 1733 2246 coloris“.
1791 2202 1964 2246 Videtur
1994 2202 2121 2259 igitur
2151 2200 2470 2258 Peerlkampius
2500 2202 2631 2246 Bent-

222 2274 349 2317 leium
380 2273 520 2316 eidem
549 2281 678 2330 atque
702 2273 951 2317 Mavortium
980 2272 1200 2316 hominum
1231 2272 1376 2330 generi
1405 2272 1699 2330 adscripsisse,
1731 2286 1917 2330 quorum
1949 2286 2029 2330 pro
2059 2279 2202 2315 mente
2232 2279 2275 2314 et
2303 2271 2456 2315 iudicio
2478 2286 2631 2316 versus

223 2342 504 2402 elegantiores
535 2342 701 2386 fuerint.
718 2343 746 2398 ¹)
807 2343 887 2386 Viri
918 2343 1105 2402 denique
1134 2355 1303 2386 summo
1334 2342 1489 2401 ingenii
1518 2342 1711 2386 acumine
1744 2343 1956 2393 instructi,
1998 2356 2128 2400 quem
2161 2349 2310 2385 testem
2341 2349 2382 2383 et
2409 2349 2631 2384 auctorem

222 2427 325 2458 suae
356 2413 532 2456 rationis
560 2412 694 2461 affert,
739 2413 785 2456 G.
816 2413 1044 2456 Hermanni
1075 2413 1340 2456 enuntiatum
1372 2414 1589 2468 quoddam
1621 2414 1833 2457 adnotans
1865 2413 2014 2457 dubito
2047 2429 2147 2456 num
2168 2413 2484 2467 Peerlkampius
2514 2422 2632 2457 recte

223 2491 266 2529 et
295 2482 532 2543 prudenter
561 2482 699 2541 egisse
731 2483 944 2537 videatur3
985 2482 1084 2527 dicit
1112 2482 1225 2527 enim
1255 2483 1325 2527 ille
1362 2483 1564 2542 princeps
1603 2483 1945 2543 philologorum:
1989 2483 2045 2534 „si
2077 2482 2179 2541 quid
2221 2482 2428 2526 eiusmodi
2460 2489 2547 2532 est,
2588 2492 2634 2527 ut

223 2555 441 2614 indignum
481 2554 534 2613 Sit
570 2561 700 2610 poeta
739 2554 806 2596 tali
838 2553 1005 2611 qualem
1037 2554 1252 2596 Horatium
1283 2555 1415 2598 fuisse
1446 2555 1662 2604 videmus,
1704 2555 1745 2597 in
1777 2570 1865 2613 quo
1901 2555 2158 2599 cultissimus
2200 2568 2351 2597 sensus
2382 2555 2548 2598 venusti
2589 2562 2634 2598 et

223 2624 511 2669 acutissimum
542 2624 643 2667 recti
683 2624 858 2681 aptique
896 2624 1094 2668 iudicium
1126 2633 1236 2675 erat,
1275 2623 1566 2669 confitendum
1599 2632 1664 2669 est
1695 2625 1737 2669 id
1769 2633 1841 2669 aut
1879 2640 1963 2669 non
2004 2638 2103 2669 esse
2141 2623 2194 2667 ab
2234 2637 2286 2667 eo
2326 2623 2529 2681 scriptum
2560 2631 2635 2668 aut

224 2693 383 2739 scribi
413 2708 512 2738 non
545 2691 854 2748 debuisse“;
884 2693 947 2738 his
979 2693 1120 2740 verbis
1150 2694 1387 2740 cavendum
1419 2708 1516 2739 esse
1548 2694 1704 2746 statuit,
1737 2708 1789 2739 ne
1810 2695 1935 2738 nimia
1953 2694 2113 2739 Horatii
2142 2694 2418 2737 admiratione
2449 2693 2634 2750 permoti

223 2771 266 2809 et
293 2764 414 2823 quasi
444 2762 660 2808 obcaecati
690 2763 731 2807 in
762 2777 882 2813 eum,
924 2779 1010 2823 quo
1043 2778 1326 2824 quaecunque
1365 2779 1451 2809 non
1495 2780 1671 2823 prorsus
1712 2765 1836 2825 digna
1879 2766 1963 2809 sint
2003 2773 2133 2823 poeta
2164 2763 2496 2823 perfectissimo,
2536 2777 2639 2806 cen-

224 2848 396 2878 seamus
426 2833 609 2878 delenda
640 2847 749 2883 esse,
778 2834 1012 2878 incidamus
1035 2848 1237 2878 errorem.

447 2903 532 2948 Sed
562 2903 640 2946 hac
670 2903 725 2947 de
756 2918 802 2946 re
832 2903 1046 2948 hactenus.
1107 2905 1233 2957 Quod
1266 2904 1440 2963 quidem
1480 2904 1534 2948 ad
1572 2918 1724 2949 causas
1763 2905 1970 2962 pertinet,
2010 2902 2166 2961 quibus
2206 2901 2370 2946 Peerlk.
2401 2902 2637 2946 carminum

224 2974 356 3018 libros
393 2974 539 3032 primis
577 2981 676 3029 post
711 2975 866 3016 Horatii
907 2983 1090 3017 mortem
1129 2974 1398 3032 temporibus
1438 2975 1580 3020 multis
1618 2973 2021 3033 interpolationibus
2060 2980 2285 3030 corruptos
2326 2985 2425 3016 esse
2463 2979 2507 3016 et
2543 2985 2640 3017 cor-

224 3050 377 3101 ruptos
394 3057 474 3100 per
492 3050 555 3087 tot
571 3042 741 3086 saecula
760 3043 814 3087 ad
836 3051 980 3088 nostra
1002 3051 1198 3102 tempora
1219 3051 1480 3103 propagatos
1505 3058 1603 3090 esse
1627 3043 1912 3103 comprobare
1939 3043 2098 3091 studet,
2118 3043 2251 3085 multa
2274 3055 2378 3085 sane
2399 3050 2641 3091 occurrunt,

226 3125 336 3172 quae
364 3108 421 3156 vab
449 3111 522 3155 illo
554 3124 638 3155 non
671 3125 768 3156 raro
799 3113 910 3157 haud
942 3113 1042 3157 satis
1073 3114 1311 3172 prudenter
1339 3114 1554 3172 disputata
1584 3128 1681 3158 esse
1714 3114 1920 3158 videntur.

447 3184 534 3226 lam
557 3197 658 3226 vero
689 3197 776 3226 non
808 3184 952 3228 inutile
973 3192 1172 3242 putamus
1203 3185 1454 3244 priusquam
1484 3185 1538 3229 ad
1571 3200 1621 3229 ea
1645 3185 1861 3229 reicienda
1890 3183 2160 3233 accedamus,
2192 3180 2418 3226 nonnullas
2450 3191 2494 3226 et
2515 3183 2643 3228 miras

224 3268 294 3299 res
331 3252 585 3311 explanare,
625 3267 736 3311 quae
776 3254 967 3309 quamvis
997 3268 1020 3297 a
1050 3269 1097 3298 re
1126 3255 1219 3313 ipsa
1259 3254 1514 3299 remotiores
1557 3255 1661 3307 sint,
1699 3262 1842 3298 tamen
1885 3254 2094 3312 probant,
2134 3251 2479 3309 Peerlkampium
2509 3267 2644 3312 saepe

226 3322 422 3367 incidisse
452 3322 494 3366 in
524 3322 676 3366 iudicia
706 3323 816 3367 inter
845 3338 942 3369 sese
975 3325 1256 3384 repugnantia
1287 3339 1431 3384 neque
1456 3325 1620 3369 ratione
1651 3332 1832 3382 sumpta.
1872 3326 1975 3368 Nam
2000 3338 2095 3367 cum
2121 3321 2393 3378 praefationis
2417 3324 2570 3383 pagina
2596 3324 2647 3366 vl

443 3458 471 3502 ²)
496 3458 618 3493 Praef.
643 3469 708 3503 pg.
734 3458 869 3493 XVIII.

2373 3519 2397 3553 2
