2846 3826
1358 137 1428 187 IX

185 276 386 336 pulorum
417 288 568 319 versus
595 265 739 332 aeque
766 272 984 331 elegantes
1013 278 1145 330 atque
1161 270 1416 315 Horatianos
1442 267 1770 326 essffpotuisse,
1796 277 1843 310 ut
1859 267 2047 311 virorum
2067 266 2409 313 doctissimorum
2428 282 2599 315 summo

186 345 357 405 iugenio
387 351 431 388 et
459 342 613 387 iudicio
644 342 948 386 instructorum
980 340 1095 384 velut
1124 340 1315 384 Suetonii
1344 346 1388 384 et
1418 338 1539 382 Plinii
1568 337 1894 382 observationes
1924 336 2087 381 critioes
2116 336 2370 397 effugerent.

408 414 495 457 lam
524 426 629 457 vero
659 411 723 455 his
752 411 854 468 ipsis
885 410 1188 469 antiquissimis
1211 408 1480 467 temporibus
1499 407 1656 451 Horatii
1677 406 1865 451 carmina
1887 419 2103 450 summum
2128 406 2388 464 praesidium
2405 416 2601 453 assecuta

188 498 285 530 esse
314 484 355 527 in
386 480 703 540 exemplaribus
733 488 818 523 tam
851 480 933 523 late
965 479 1188 538 divulgatis
1218 488 1261 523 et
1289 480 1344 523 ad
1375 493 1528 522 omnes
1558 477 1787 526 translatis,
1809 476 2010 534 equidem
2032 477 2345 521 contenderim.
2391 477 2599 524 Omnibus

186 553 323 604 enim,
362 553 397 597 si
433 550 677 596 dubitarent
718 550 772 594 de
809 551 1043 595 carminum
1081 550 1408 594 Horatianorum
1439 548 1699 606 integritate,
1741 546 1983 591 facillimum
2013 553 2104 590 erat
2132 547 2388 605 comparatis
2418 547 2527 592 inter
2553 562 2600 593 se

188 619 527 680 discrepantibus
558 618 873 677 exemplaribus
905 619 1009 679 quid
1039 625 1200 663 rectum
1233 618 1334 681 quid
1365 618 1639 661 Horatianum
1673 624 1788 659 essct
1818 616 1921 674 quid
1952 629 2077 659 secus
2107 615 2345 660 diiudicare.
2392 617 2600 675 'Magnum

189 693 383 753 quoque,
421 691 586 749 opinor,
625 690 783 733 exstitit
820 690 1173 747 impedimentum
1210 689 1586 746 interpolationum
1619 696 1662 730 ct
1692 687 1890 729 vitiorum
1921 686 2106 730 cuiusvis
2136 687 2303 744 generis
2332 686 2602 731 bibliothecis

190 761 383 821 publicis,
412 774 591 819 quarum
609 760 866 818 simulatque
897 759 951 803 ab
974 758 1116 803 Asinio
1138 758 1330 802 Pollione
1354 758 1488 815 prima
1509 757 1681 801 condita
1700 765 1777 807 est,
1808 758 1851 799 in
1887 756 1979 801 (lies
2011 755 2162 814 plures
2192 757 2353 815 populo
2385 757 2601 815 ingentem

186 831 394 877 librorum
423 843 661 889 eorumque
691 829 1102 887 correctissimorum
1144 827 1454 871 multitudinem
1498 825 1780 884 praebebant;
1829 826 1869 868 in
1911 826 1975 868 liis
2017 833 2160 868 autem
2190 828 2363 885 Augusti
2403 835 2448 871 et
2475 826 2603 870 Asinii

189 900 454 946 bibliothecis
493 899 769 957 praecipuum
808 899 951 942 locum
982 896 1219 941 obtinuisse
1247 897 1402 939 Horatii
1434 895 1565 939 libros
1596 910 1763 954 eosque
1794 894 2118 953 probatissimos
2149 904 2192 938 et
2220 897 2518 956 integerrimos
2549 911 2602 941 ex

189 972 279 1030 ipsa
300 970 458 1015 Horatii
487 969 735 1014 auctoritate
767 976 810 1011 et
839 982 891 1011 ex
923 981 989 1017 eo,
1020 967 1093 1025 qui
1123 966 1231 1010 illius
1261 981 1359 1010 cum
1380 968 1569 1025 Augusto
1591 974 1633 1009 et
1653 965 1795 1009 Asinio
1826 973 1929 1016 erat,
1959 980 2038 1009 usu
2069 965 2290 1025 colligatur
2319 981 2498 1011 necesse
2525 975 2603 1011 est.

189 1042 250 1085 Ita
290 1040 634 1100 quotiescunque
672 1052 782 1096 opus
820 1051 916 1080 esse
960 1035 1183 1079 videbatur
1221 1035 1313 1079 libri
1356 1036 1395 1078 in
1426 1036 1505 1078 illis
1537 1035 1801 1079 bibliothecis
1833 1036 2037 1078 asservati
2069 1036 2302 1079 remedium
2334 1039 2539 1086 omnium,
2568 1037 2603 1080 si

193 1110 366 1170 quidem
398 1124 508 1168 quae
541 1115 698 1158 essent,
727 1107 927 1150 vitiorum
958 1105 1234 1164 praebebant.

415 1181 534 1232 Quae
575 1185 733 1237 quanta
774 1177 898 1221 fuerit
937 1176 1286 1222 bibliothecarum
1327 1176 1553 1221 auctoritas
1584 1184 1628 1220 et
1659 1177 1742 1226 vis,
1783 1184 1826 1220 et
1856 1189 1935 1234 per
1964 1190 2013 1219 se
2041 1184 2222 1234 apparet
2249 1185 2292 1221 et
2321 1178 2603 1237 Peerlkampii

191 1250 333 1296 verbis
364 1248 615 1306 intelligitur,
646 1248 718 1306 qui
748 1247 912 1290 illarum
944 1247 1156 1290 interitum
1186 1247 1366 1290 multum
1400 1246 1582 1289 valuisse
1612 1247 1665 1289 ad
1697 1246 2044 1302 corrumpendos
2063 1246 2234 1289 codices
2255 1247 2346 1304 ipse
2367 1248 2606 1304 profitetur.

193 1321 278 1365 Sed
310 1320 347 1363 si
375 1319 517 1376 negari
549 1332 634 1361 non
667 1325 815 1374 potest
845 1317 1074 1361 nonnullos
1106 1317 1237 1361 libros
1266 1316 1423 1360 Horatii
1456 1331 1581 1359 manu
1614 1316 1796 1373 scriptos
1828 1314 2034 1359 incendiis
2066 1314 2144 1358 illis
2172 1315 2338 1359 deletos
2368 1331 2476 1367 esse,
2506 1317 2604 1375 quis

193 1398 277 1441 est,
316 1389 387 1448 qui
428 1386 662 1432 contendat
701 1400 851 1431 omnes
891 1385 1170 1431 bibliothecas
1200 1401 1287 1430 uno
1317 1393 1515 1443 tempore
1546 1385 1752 1428 interiisse
1782 1384 1837 1427 ita
1867 1391 1914 1427 ut
1944 1384 2083 1427 omnis
2113 1383 2244 1427 libros
2273 1385 2382 1428 inter
2409 1401 2456 1429 se
2485 1400 2605 1430 com·-

194 1455 372 1519 parandi
401 1456 576 1500 facultas
617 1455 848 1503 tolleretur,
879 1456 1128 1512 praesertim
1169 1469 1267 1498 cum
1305 1455 1454 1513 ingens
1485 1454 1646 1496 Horatii
1675 1454 1909 1496 carminum
1941 1453 2383 1497 transscribendorum
2413 1457 2602 1499 studium

195 1529 326 1570 fuisse
356 1525 676 1580 Peerlkampius
707 1524 799 1580 ipse
830 1524 1092 1579 profiteatur.
1122 1549 1176 1557 —

421 1594 547 1647 Quod
587 1609 690 1638 vero
728 1593 847 1638 addit
888 1596 956 1645 „At
995 1594 1249 1639 fraudulenti
1288 1593 1483 1638 homines
1522 1593 1658 1638 aliena
1695 1593 1881 1639 carmina
1911 1592 2083 1638 Horatio
2114 1592 2435 1651 supponebant“
2476 1610 2530 1640 ne
2563 1593 2605 1641 id

195 1665 370 1726 quidem
410 1663 704 1722 probaverim;
750 1677 846 1707 nam
885 1678 980 1707 cum
1020 1665 1198 1707 istorum
1238 1663 1456 1707 hominum
1497 1664 1656 1721 duplex
1697 1678 1832 1721 genus
1871 1664 2047 1721 cogitari
2085 1665 2221 1721 possit
2260 1672 2302 1707 et
2338 1679 2487 1708 eorum
2530 1665 2603 1724 qui

195 1735 366 1780 avaritia
405 1742 448 1779 et
484 1748 635 1778 eorum
684 1734 755 1792 qui
796 1733 1026 1779 ambitione
1063 1734 1310 1793 gloriaeque
1349 1734 1580 1792 cupiditate
1620 1734 1804 1792 permoti
1844 1734 1897 1777 ad
1942 1734 1982 1778 id
2032 1733 2201 1778 adducti
2241 1735 2344 1786 sint,
2393 1744 2438 1779 ut
2485 1736 2606 1780 adul-

197 1807 358 1851 terinos
379 1819 531 1850 versus
561 1805 627 1848 vel
659 1805 844 1848 carmina
865 1804 1022 1848 Horatii
1053 1804 1225 1847 nomine
1257 1800 1405 1847 ornata
1432 1804 1472 1848 in
1499 1804 1638 1849 lucem
1663 1806 1879 1849 mitterent
1901 1804 2017 1853 illud,
2048 1819 2135 1863 quo
2161 1805 2321 1849 Peerlk.
2346 1805 2604 1866 bibliopolas

198 1876 315 1921 nullo
345 1875 469 1919 huius
496 1875 557 1918 rei
578 1882 688 1918 teste
712 1883 755 1917 et
775 1881 949 1918 auctore
972 1873 1098 1917 allato
1121 1871 1339 1932 significat,
1369 1889 1504 1932 genus
1535 1874 1624 1919 fere
1648 1875 1763 1918 nulla
1783 1874 2014 1924 mentione,
2042 1873 2124 1918 hoc
2148 1875 2329 1932 quadam
2349 1877 2605 1922 refutatione

198 1946 373 2005 dignum
412 1944 591 1988 videtur.
650 1942 765 1987 Multi
807 1957 903 1987 cum
945 1950 1106 1993 essent,
1147 1942 1219 2001 qui
1258 1942 1376 2003 lyrici
1417 1950 1572 2002 poetae
1613 1959 1769 1988 munus
1807 1943 1885 1988 sibi
1915 1952 2183 2003 arrogarent,
2220 1940 2433 1990 concludit
2461 1947 2606 1992 Peerl-

197 2014 407 2073 kampius,
446 2027 533 2068 eos,
574 2012 645 2071 qui
676 2026 764 2055 non
794 2011 961 2070 probati
992 2020 1148 2061 essent,
1184 2019 1335 2069 poetas
1368 2020 1412 2054 ut
1442 2014 1530 2056 suis
1560 2013 1816 2057 carminibus
1846 2012 2027 2056 afferent
2056 2015 2346 2057 auctoritatem
2377 2017 2607 2073 quandam,

198 2086 266 2127 illa
294 2084 452 2126 Horatii
484 2083 654 2125 n‘omine
687 2083 807 2139 quasi
839 2091 958 2125 veste
989 2095 1206 2137 purpurea
1235 2082 1382 2124 induta
1412 2082 1619 2133 edidisse3
1651 2098 1793 2140 neque
1825 2083 1976 2126 mirum
2007 2083 2153 2132 videri,
2181 2084 2296 2140 quod
2328 2083 2393 2128 illa
2422 2086 2608 2129 carmina

200 2152 389 2211 denique
421 2166 520 2196 vere
550 2151 787 2195 Horatianis
819 2150 1004 2194 immixta
1034 2150 1129 2194 sint.
1197 2149 1282 2194 Sed
1323 2149 1453 2193 multa
1491 2163 1629 2209 eaque
1670 2150 1913 2208 gratissima
1955 2149 2128 2195 obstare
2159 2151 2353 2195 videntur
2382 2152 2435 2196 illi
2466 2153 2611 2198 Peerl-

199 2222 356 2279 kampii
385 2221 643 2273 sententiae;
688 2234 782 2263 nam
814 2234 911 2263 cum
942 2220 1034 2276 ipse
1064 2219 1186 2269 dicat,
1217 2233 1367 2262 versus
1396 2220 1490 2263 illos
1522 2235 1608 2263 non
1640 2220 1932 2271 monachales,
1970 2221 2048 2264 sed
2078 2222 2179 2265 satis
2216 2223 2430 2280 elegantes
2465 2223 2611 2274 fuisse,

201 2293 269 2336 vix
288 2290 491 2335 credibile
514 2298 591 2339 est,
621 2303 749 2347 quam
781 2288 837 2332 ob
868 2303 959 2331 rem
990 2288 1063 2346 qui
1093 2296 1221 2345 poeta
1251 2302 1398 2331 versus
1428 2289 1600 2332 Horatio
1632 2290 1784 2348 dignos
1814 2305 2079 2348 componere
2109 2300 2269 2349 posset,
2294 2292 2448 2335 Horatii
2479 2292 2609 2351 quam

201 2376 320 2407 suam
351 2359 483 2418 ipsius
506 2358 797 2403 auctoritatem
819 2372 977 2416 augere
995 2357 1190 2402 maluerit
1220 2364 1262 2402 et
1292 2371 1405 2409 eam,
1437 2372 1547 2417 quae
1578 2374 1657 2403 suo
1691 2361 1849 2404 nomini
1879 2361 1988 2405 iuste
2020 2359 2246 2406 tribuenda
2276 2369 2400 2411 esset,
2431 2362 2610 2422 gloriam

201 2433 339 2477 alieno
370 2438 498 2490 atque
529 2443 607 2488 per
636 2429 829 2473 fraudem
860 2428 1038 2472 concedi
1069 2442 1221 2487 passus
1252 2428 1316 2471 sit.
1382 2429 1534 2487 Neque
1563 2429 1800 2487 prudentes
1830 2430 1943 2474 viros
1974 2431 2112 2489 decipi
2145 2433 2334 2489 potuisse
2363 2432 2613 2476 adulterinis

202 2503 269 2546 vel
308 2499 502 2544 versibus
543 2500 611 2543 vel
651 2498 930 2546 carminibus,
977 2499 1244 2542 demonstrat
1283 2499 1530 2556 exemplum
1570 2500 1783 2550 Suetonii,
1824 2501 1896 2558 qui
1934 2502 2157 2558 epistolam
2190 2502 2426 2560 elogosque
2455 2502 2614 2545 Horatii

203 2585 363 2615 nomen
395 2582 498 2627 prae
530 2583 577 2612 se
608 2569 797 2620 ferentes
829 2582 916 2611 non
947 2568 1055 2612 illius
1087 2582 1185 2611 esse
1216 2582 1262 2611 se
1293 2567 1553 2612 intellexisse
1584 2567 1821 2625 profitetur.
1886 2571 2023 2627 Atque
2055 2569 2095 2612 in
2127 2569 2273 2619 altero,
2303 2570 2419 2628 quod
2450 2570 2617 2627 profert

203 2638 525 2697 Peerlkampius
556 2637 674 2681 Plinii
705 2637 950 2681 testimonio
983 2637 1038 2681 nil
1068 2637 1212 2681 inesse
1244 2645 1347 2695 puto
1378 2636 1455 2680 nisi
1488 2637 1702 2695 quandam
1733 2638 1863 2681 Paulli
1880 2638 1907 2693 Ι)
1943 2638 2133 2690 laudem,
2171 2640 2288 2697 quod
2326 2647 2410 2682 tam
2440 2639 2619 2684 feliciter

203 2709 389 2752 imitatus
420 2709 474 2752 sit
502 2708 734 2751 Horatium.
806 2707 898 2759 Qua
929 2721 980 2750 ex
1012 2721 1199 2766 requae
1231 2706 1401 2750 tandem
1433 2714 1577 2763 potest
1607 2707 1767 2750 fraudis
1796 2715 1839 2750 et
1868 2707 2241 2765 interpolationum
2272 2709 2456 2765 suspicio
2487 2709 2619 2753 esse?

206 2780 267 2822 lta
309 2778 410 2822 satis
458 2776 687 2834 probatum
735 2776 922 2824 videtur,
972 2776 1206 2819 Peerlkam.
1247 2791 1323 2820 sua
1365 2777 1419 2820 de
1467 2777 1865 2835 interpolationibus
1918 2778 2111 2821 doctrina
2148 2778 2377 2821 adductum
2420 2793 2518 2822 esse
2563 2779 2617 2823 ad

205 2846 520 2906 investigandas
551 2846 611 2889 rei
646 2860 782 2905 usque
812 2845 865 2889 ad
897 2845 939 2889 id
967 2853 1136 2904 tempus
1160 2846 1373 2891 inauditae
1396 2860 1558 2897 causas,
1579 2861 1665 2891 non
1686 2847 1805 2906 quod
1827 2847 1982 2891 rectius
2002 2848 2181 2897 videtur,
2200 2848 2362 2891 iamiam
2385 2849 2619 2907 exploratis

206 2917 284 2962 illis
313 2915 452 2961 causis
484 2915 540 2962 de,
569 2915 870 2974 investigandis
910 2915 1309 2973 interpolationibus
1348 2917 1580 2974 cogitasse;
1626 2932 1713 2976 quo
1749 2917 1908 2961 factum
1940 2925 2022 2967 est,
2059 2926 2108 2961 ut
2136 2919 2197 2961 vir
2225 2918 2291 2961 ille
2321 2919 2619 2977 sagacissimus

206 2987 291 3032 hoc
330 2985 473 3031 studio
513 2985 704 3043 agitatus,
744 2999 954 3043 persaepe
995 2986 1191 3044 neglecto
1223 2986 1293 3030 illo
1324 3001 1411 3045 quo
1443 2986 1679 3030 excellebat
1709 2987 1864 3045 ingenii
1894 2988 2088 3031 acumine
2119 2987 2451 3044 progrederetur
2478 3001 2545 3037 eo,
2575 2994 2622 3030 ut

208 3056 349 3099 nullus
381 3062 495 3098 esset
524 3054 839 3098 condemnandi
872 3055 1026 3098 modus
1060 3056 1125 3098 vel
1155 3056 1374 3100 terminus.

433 3123 547 3168 Alius
572 3123 855 3183 Peerlkampii
886 3138 1008 3168 error
1035 3132 1214 3185 anguste
1245 3125 1446 3169 cohaeret
1476 3139 1573 3169 cum
1603 3126 1670 3169 illa
1701 3127 1925 3176 sententia,
1955 3127 2075 3170 cuius
2094 3140 2221 3184 supra
2244 3126 2507 3169 mentionem
2532 3126 2626 3177 feci,

211 3195 266 3239 de
307 3202 439 3252 poeta
478 3208 628 3238 omnes
664 3194 706 3236 in
748 3202 891 3251 partes
931 3194 1262 3252 perfectissimo;
1308 3197 1381 3254 qui
1418 3207 1550 3245 error,
1591 3197 1632 3239 ni
1674 3197 1807 3247 fallor,
1846 3197 1889 3240 in
1930 3197 2037 3241 falso
2076 3197 2129 3240 de
2170 3204 2258 3240 arte
2298 3196 2431 3256 lyrica
2469 3197 2625 3241 iudicio

212 3264 379 3323 positus
410 3271 487 3307 est.
558 3263 698 3307 Omne
728 3264 842 3307 enim
872 3264 927 3307 de
957 3264 1099 3324 lyricis
1131 3265 1317 3323 antiquis
1348 3266 1546 3309 iudicium
1576 3266 1768 3309 revocari
1799 3264 1972 3309 volebat
2000 3267 2055 3310 ad
2084 3274 2278 3309 recentes
2312 3265 2473 3325 lyricos
2502 3274 2547 3310 et
2573 3265 2626 3309 ad

213 3333 464 3381 nostratium
494 3333 550 3379 de
580 3332 658 3378 hac
687 3347 733 3378 re
764 3333 1032 3379 sententiam.
1076 3335 1202 3394 Atqui
1234 3335 1329 3396 quis
1359 3336 1590 3396 negaverit,
1619 3335 1746 3394 plane
1768 3336 1890 3381 aliam
1912 3343 1955 3381 et
1978 3336 2165 3395 speciem
2182 3343 2225 3381 et
2246 3335 2329 3379 vim
2348 3343 2628 3394 naturamque

214 3419 313 3449 esse
353 3403 592 3462 praesentis
631 3411 761 3462 atque
800 3404 1001 3462 antiquae
1042 3404 1200 3464 lyricae
1236 3406 1370 3448 artis?
1428 3407 1523 3458 Quo
1554 3406 1686 3450 fatum
1715 3415 1783 3450 est
1813 3414 1858 3449 ut
1887 3407 2207 3464 Peerlkampius
2237 3420 2335 3450 cum
2365 3407 2627 3450 enuntiatum

439 3510 468 3556 ¹)
495 3509 562 3547 cfr.
590 3520 644 3555 ea,
671 3521 770 3555 quae
796 3509 906 3546 affert
930 3509 989 3546 W.
1015 3509 1158 3546 Teuffel
1183 3509 1221 3546 in
1247 3511 1344 3547 Ann.
1372 3509 1476 3546 Iahn.
1503 3509 1577 3546 vol.
1604 3508 1650 3545 41
1677 3520 1742 3556 pg.
1767 3508 1850 3546 444.
